1000 1448
383.0 91.0 60.0 25.0 3*f.

481.0 75.0 382.0 35.0 AD Ta PAVL. AD TIM.

378.0 109.0 571.0 43.0 ptiſtæ, & Enthouſiaſtæ quidam nebulones me¬

376.0 143.0 574.0 36.0 ritò reiiciuntur, qui vocationes in eccleſia Dei ſe

377.0 176.0 573.0 42.0 curè ſpernunt, vt ſe ingerant, atque intrudant ad

375.0 208.0 572.0 43.0 eccleſiaſtica munera magno animi faſtu & am¬

374.0 239.0 115.0 37.0 bitione.

391.0 271.0 555.0 45.0 Ergo propter tria præcedere legitima vocatio

374.0 306.0 575.0 41.0 debet, antequam quis munus aliquod in eccleſia

372.0 337.0 574.0 43.0 Dei gerat vel ſumat. I Propter Dei pręceptum.

374.0 370.0 572.0 41.0 2 Propter eccleſiæ ipſius ordinem & diſciplinã.

375.0 403.0 571.0 43.0 3 Propter ipſius, qui dignitatem illam accipit,

371.0 436.0 576.0 41.0 conſcientiam, quæ aliàs nunquam tuta & quieta

370.0 466.0 577.0 44.0 eſſe poteſt:non magis quàm furis quandiu re à ſe

370.0 499.0 576.0 41.0 furto ablata vtitur, vel eam retinet. Magnam e¬

370.0 532.0 575.0 41.0 nim animis noſtris conſolationem affert legiti¬

370.0 564.0 576.0 41.0 ma vocatio, quoties à peruerſis, vel obſtinatis

369.0 596.0 579.0 45.0 hominibus vexamur, & negotia nobis præbet

371.0 625.0 260.0 43.0 Satan. Quid eſt? Reſp.

403.0 659.0 541.0 43.0 Vocatio igitur hæc, eſt ad munus aliquod fa¬

369.0 690.0 576.0 42.0 cta ab alio, quàm a ſeipſo, adoptio ac deſignatio.

369.0 724.0 495.0 41.0 Hæc igitur duplex eſt. Interna & Externa.

399.0 756.0 544.0 42.0 Interna eſt à Deo, ac, ea quidem immediaté,

368.0 785.0 577.0 47.0 Externa verò, etſi à Deo eſt, quia ipſe illius cele¬

366.0 821.0 579.0 43.0 brandæ modum verbo ſuo præſcripſit: mediatè

366.0 852.0 577.0 43.0 tamen eſt ab hominibus illam Dei ordinationẽ

366.0 885.0 575.0 40.0 ſequentibus. Neutra ſine altera tuta ſatis eſſe po¬

365.0 919.0 577.0 41.0 teſt vel ſalutaris: Interna tamen potior eſt: ſed

366.0 950.0 350.0 38.0 externa noſtri :atione tutior.

395.0 983.0 547.0 41.0 Interna vocatio eſt interna & latens animi no¬

362.0 1012.0 580.0 45.0 ſtri affectio atque inclinatio à Deo immiſſa ad a¬

363.0 1046.0 578.0 44.0 liquod legitimum munus gerendum, quæ illius

362.0 1077.0 580.0 47.0 deſiderium in animo noſtro parit. Igitur affectus

359.0 1110.0 581.0 45.0 infunditur à Deo, neque ex ambitione, neque ex

358.0 1145.0 580.0 56.0 auaritia, nec ex alio aliquo turpi vel carnali motu

855.0 1184.0 80.0 41.0 in no¬
