1000 1448
345.0 108.0 54.0 43.0 212

459.0 94.0 388.0 47.0 AD I. PAVL. AD TIM.

343.0 128.0 582.0 58.0 poſt hanc vitam: ſed etiam in hac ipſa vita. Bern

344.0 164.0 583.0 55.0 ſermo.4. in Pſal. Qui habitat. Credo in his ſcapu¬

345.0 196.0 581.0 54.0 lis geminam Dei promiſſionem intelligendam,

348.0 230.0 579.0 49.0 vitæ ſcilicet eius, quæ nunc eſt: pariter & futuræ.

349.0 262.0 576.0 53.0 Si enim ſolum promitteret regnum, & in itine¬

349.0 294.0 577.0 54.0 re deeſſet viaticum, omnino conquererentur ho¬

350.0 325.0 580.0 54.0 mines & reſponderent: Magnum quidẽ eſt, quod

353.0 357.0 577.0 56.0 promittitur, ſed illuc perueniendi facultas nulla

353.0 392.0 577.0 50.0 datur. Vnde omnem excuſationem Deus ade¬

353.0 423.0 577.0 53.0 mit. Deus igitur iam ſe eorum Deum ex hac vi¬

353.0 454.0 578.0 55.0 ta eſſe oſtendit, & ijs benefacit Pſal.36. Incipit e¬

353.0 488.0 578.0 54.0 nim Dei promiſſio impleri in ijs, etiã in hac vita.

389.0 519.0 546.0 54.0 Obſtat quod fides res ſpirituales, & eas etiam

355.0 553.0 578.0 52.0 abſentes ſpectat, non autem præſentes. Neque

356.0 584.0 578.0 55.0 propriè corpus: ſed potius beat & ſpectat animũ.

358.0 617.0 576.0 54.0 Bona enim ſpiritualia pollicetur Deus potius,

358.0 648.0 576.0 55.0 quàm temporalia Hebr.II. verſ.1. Reſpond. Bo¬

358.0 684.0 577.0 47.0 norum quidem ſpiritualium promiſſionem po¬

361.0 713.0 577.0 54.0 tiſſimum & præcipuè habent & ſpectant fides &

360.0 747.0 578.0 53.0 pietas: ſed tamen eriam de ſuis curam habet in

361.0 780.0 580.0 52.0 hoc mundo Deus, & illis bona terfena, quantum

363.0 810.0 576.0 54.0 ſatis eſſe perſpicit, largitur. Nan ea à ſe peti &

365.0 848.0 458.0 48.0 vult & præcipit in oratione Domimca.

398.0 876.0 541.0 49.0 Sunt autem quæcunque à Deo pij obtinemus

365.0 910.0 576.0 48.0 ex mera ipſius bonitate, & ea gratuita, non ex me¬

363.0 942.0 578.0 46.0 Fito. Ilue bona terrena, ſiue cœleſtia ſpectentur,

367.0 973.0 576.0 51.0 vt docet perſpicuè hic locus, qui ea omnia Dei

367.0 1012.0 270.0 48.0 promiſsiones appellat.

400.0 1033.0 545.0 53.0 Admonet hic locus, vt de Monachis aliquid di¬

365.0 1069.0 580.0 49.0 camus, quia hi Α'σκηταὶ primũ ſunt appellati: ve¬

366.0 1100.0 580.0 49.0 luti à Philone Iudęo, ſi modo de Monachis Chri¬

366.0 1131.0 580.0 52.0 ſtianis potius, quàm de Eſſænis & Iudæorũ Mo¬

362.0 1165.0 585.0 61.0 nachis agit Philo:deinde à Baſilio, & alijs, qui e¬

880.0 1199.0 66.0 45.0 tiam
