1000 1448
251.0 101.0 135.0 22.0 CANVT

393.0 101.0 33.0 23.0 Ve

584.0 81.0 36.0 50.0 319

47.0 120.0 578.0 48.0 Eccleſiis diſciplina opus, eſt ſine qua non magis conſi¬

46.0 156.0 580.0 44.0 stere poſſunt, quàm res domestica, quæ patrefamil.

48.0 191.0 573.0 40.0 & moderatore idoneo destituitur: non magis item,

47.0 222.0 577.0 42.0 quàm Respub.quæ nullis legibus gubernatur, aut nul¬

45.0 256.0 580.0 42.0 los habet legũ vindices. Etenim non minus verè quàm

47.0 287.0 577.0 42.0 prudenter olim quidam dixerunt, malũ eſſe ſub prin¬

46.0 318.0 576.0 45.0 cipe viuere, ſub quo nihil liceat: ſed multò peiorẽ eſſe

48.0 353.0 576.0 40.0 corum fortem, qui principem habent, ſub quo licent o¬

48.0 384.0 579.0 37.0 mnia. At qui huic loco commodùm adiicere libet

50.0 415.0 576.0 45.0 quod idem Doctor præſtantiſſimus & pientiſsi¬

49.0 449.0 576.0 42.0 mus in iiſdem commentariis ad cap.2. Homil.14.

47.0 479.0 578.0 45.0 his verbis diſertiſsimè, ſanctiſsiméque ſcribit.

48.0 516.0 573.0 39.0 Admonemur hoc exemplo (de Petro à Paulo pu¬

48.0 545.0 580.0 45.0 blicè reprehenſo agẽs) ait nullã vel in Eccleſia, vel

47.0 580.0 578.0 41.0 in Republ. dignitatem eſſe tantam, quæ cenſuræ & re¬

47.0 613.0 577.0 39.0 prehenſioni eos eximat, qui aliquid prater officium

48.0 645.0 577.0 41.0 faciunt. Etenim cùm omnium Dominus ſit Deus, eius

48.0 677.0 578.0 42.0 quoque verbo omnes homines cuiuſcun ſint loci, aut

47.0 709.0 578.0 42.0 ordinis, ſubijci, & obedire conuenit, & ad omnes ver¬

46.0 741.0 579.0 43.0 bi Dei præcones pertinet, quod olim Hieremiæ dice¬

46.0 774.0 578.0 43.0 bat Deus, Ecce ego te facio hodie ciuitatem munitam.

46.0 807.0 578.0 43.0 columnam ferream, & murum æneum contra omnem

45.0 841.0 580.0 43.0 terram, contra reges Iuda, contra principes eius,

45.0 872.0 578.0 44.0 contra ſacerdotes, contra vniuerſum populum terræ.

46.0 903.0 472.0 43.0 Hæc Gualterus mihi obſeruandiſsimus.

75.0 937.0 550.0 42.0 Ex hoc autem loco colligitur, iam tempore

48.0 965.0 575.0 46.0 Pauli in Dei Eccleſia duplex cenſuræ Eccleſia¬

48.0 1000.0 577.0 37.0 ſticæ genus fuiſſe vſitatum, vnum Priuatum, alte¬

47.0 1032.0 577.0 42.0 rum Publicum. Priuatum eſt, cùm qui offendit, a¬

48.0 1066.0 575.0 43.0 gnoſcit culpam eámque fatetur ei, quẽ offendit,

48.0 1097.0 577.0 44.0 nullo confeſsionis teſte adhibito, ſed inter ſe &

49.0 1131.0 574.0 41.0 eum, quem offendit, tantùm & priuatim id facit.

47.0 1162.0 577.0 52.0 Hanc deſcripſit Chriſtus Matth. 18. deſcripſit
