1000 1448
382.0 102.0 55.0 29.0 234

499.0 89.0 368.0 35.0 AD I. PAVL. AD TIM.

377.0 118.0 575.0 47.0 ligunt fuiſſe ſcriptam hanc epiſtolam, cùm Pau¬

374.0 156.0 578.0 41.0 lus in Syriam poſtremum venturus eſſet, non vi¬

374.0 186.0 579.0 46.0 deo habere ſatis firmum argumentum & funda¬

374.0 223.0 127.0 40.0 mentum.

409.0 254.0 544.0 52.0 14 Ne negligito donum quod in te est:

374.0 296.0 580.0 55.0 quod datum eſt tibi ad prophetandum, cum

373.0 341.0 434.0 46.0 impoſitio ne manuum presbyterij.

408.0 378.0 550.0 48.0 Secunda exhortatio ab officio vel fine donorũ

374.0 415.0 580.0 43.0 Dei, quam amplificat etiam à circunſtantia, eáq;

376.0 446.0 582.0 46.0 duplici nempe à Doni Dei excellentia, quo præ¬

376.0 479.0 580.0 46.0 ditus erat Timotheus, & Prophetia quæ de Ti¬

375.0 513.0 583.0 43.0 motheo præceſſerat, quod vtrunque delebit &

375.0 543.0 583.0 45.0 deturpabit Timotheus, niſi ſuo muneri diligen¬

374.0 577.0 586.0 43.0 ter operam nauet & impẽdat. Eodem verò mo¬

375.0 607.0 586.0 45.0 do debet quiſque animaduertere, quæ à Deo do¬

375.0 641.0 585.0 43.0 na peculiaria acceperit, ne apud ipſum otioſa &

376.0 672.0 585.0 43.0 infructuofa lateant, aut inutilia maneant, & de¬

376.0 706.0 582.0 42.0 foſſa: ſed vt illa in Eccleſiæ vſum communem,

376.0 736.0 584.0 49.0 propter quem illa talenta data ſunt à Domino,

380.0 776.0 162.0 34.0 conferantur.

411.0 802.0 527.0 42.0 Similis locus Matth.25.verſ.14.1. Pet.4.V.1o.

416.0 835.0 546.0 42.0 Quò autem maiora ſunt Dei dona erga nos,

378.0 865.0 585.0 45.0 eò diligentiores in cæteris lucrandis eſſe debe¬

379.0 897.0 583.0 45.0 mus, ne illa apud nos otioſa iaceant, vel rubigi¬

380.0 932.0 582.0 47.0 nem contrahant. Nam cum fœnore à Deo repe¬

382.0 974.0 98.0 32.0 tentur.

412.0 992.0 553.0 48.0 De Prophetia autem, quæ de Timotheo præ¬

381.0 1027.0 585.0 43.0 ceſſit, quod dicit hoc loco Paulus, etſi quidam ſic

382.0 1061.0 585.0 44.0 explicant, quaſi finis illius Dei doni oſtendatur:

382.0 1091.0 583.0 47.0 nõ autem vlla inſignis prædictio' Dei & teſtimo¬

382.0 1123.0 586.0 49.0 nium de futuris! in Timotheo donis antegreſſa

384.0 1157.0 584.0 57.0 ſit:ta men malo accipere:vti ſupra 1.verſ. 18. & 2.

861.0 1188.0 106.0 44.0 Timoth.
