1000 1448
377.0 91.0 60.0 32.0 368

483.0 72.0 377.0 43.0 AD I. PAVL. AD TIM.

373.0 105.0 574.0 53.0 valetudinem & ſtomachum Timothei pertinẽt.

374.0 139.0 576.0 53.0 Quæ igitur ſeriei & continuationis huius loci

372.0 171.0 576.0 54.0 afferri ratio poteſt? Reſpondent quidam aptè

372.0 204.0 572.0 50.0 hunc locum cum ſuperiori connecti. Cùm e¬

372.0 237.0 576.0 51.0 nim ſuperiori proximè verſiculo voluerit Pau¬

374.0 270.0 577.0 50.0 lus Timotheum eſſe ἀγνὸν, id eſt, caſtum, vt

374.0 301.0 574.0 54.0 interpretantur illi:meritò quoque de vini potio¬

374.0 333.0 574.0 56.0 ne præceptũ ſubiici, quæ caſtitati repugnare vi¬

374.0 366.0 575.0 53.0 deri poterat. Itaque ne caſtitatis retinendæ præ¬

374.0 398.0 577.0 53.0 textu nimia & immodica abſtinẽtia ab eo ſuſcipe

374.0 431.0 577.0 53.0 retur, vtilem hanc admonitionem Paulum ſub¬

374.0 464.0 578.0 53.0 iunxiſſe volunt. Hæc Chryſoſto: hæc Anſelmus:

377.0 497.0 576.0 50.0 hæc penè cœterorum omnium ſentẽtia eſt. Nos

375.0 529.0 580.0 52.0 tamen aliud exiſtimamus. Nam quemadmodum

376.0 562.0 578.0 50.0 voxαγνὸ ad caſtitatem corporis ſiue cœlibatum

376.0 593.0 579.0 53.0 quemadmodum tamen illi fingunt, minimè per

375.0 625.0 579.0 52.0 tinet: ſic neque hoc præceptum additum eſt pro¬

376.0 660.0 579.0 51.0 pter caſtitatem. Quid igitur? Cùm oporteat om¬

376.0 689.0 579.0 51.0 nes fideles eccleſiæ paſtores & miniſtros verbi

376.0 723.0 580.0 49.0 Dei vitæ ſuæ luce & ſanctitate præire reliquo

378.0 755.0 580.0 55.0 gregi, docet hoc loco Paulus exemplo Timothei

378.0 789.0 578.0 50.0 quatenus eos victus ſobrietatem & rationem ha

378.0 821.0 576.0 53.0 bere deceat, vt in cibo ipſo cæteris quoque vitę

378.0 859.0 371.0 48.0 exemplum paſtores præbeant.

416.0 884.0 542.0 53.0 Timotheum autem vult Paulus vti vino, ſed

378.0 917.0 580.0 53.0 mouieb: ex quo apparet eum fuiſſe abſtemium,

378.0 952.0 583.0 51.0 nontam quidem natura:quàm vitæ magna conti

379.0 983.0 583.0 50.0 nentia. Non vetat enim nudè, ne Timoth. aquam

379.0 1013.0 581.0 55.0 bibat ὀλίγῳ. Hæc vox non tam ad qualitatem vi¬

378.0 1046.0 582.0 54.0 ni, quàm ad quantitatẽ referenda eſt, vt ὀλιγον οινον

379.0 1081.0 583.0 50.0 intelligamus, nõ ὀλεγορόρν. ι. quod aquæ minimũ

380.0 1114.0 582.0 50.0 ferat: ſed paucum, & quo quis inebriari non poſ¬

381.0 1145.0 583.0 60.0 ſit. Diſertè ver ò vocem hanc, ὀλίγον, addidit, vt

910.0 1176.0 56.0 42.0 hoc
