1000 1448
596.0 88.0 41.0 54.0 333

254.0 103.0 132.0 21.0 CAPVT

390.0 103.0 38.0 23.0 V.

57.0 119.0 580.0 54.0 reuereri: ſed in pręſentia principũ tanquam mor

57.0 158.0 578.0 49.0 tuos apparere, cùm veſtra ipſi alacritate permoti

59.0 187.0 576.0 53.0 veſtris intereſſe ſolenniis delectentur. Angelos i¬

57.0 220.0 578.0 51.0 gitur inuiſibiles cum piis verſari ſcribit. Itaque

57.0 250.0 577.0 56.0 Chriſtus ipſe venturus dicitur cum Angelis illis

57.0 283.0 577.0 56.0 beatis Luc.9. verſ.26. Iudæ. verſ.14 Et ipſi gaudẽt

55.0 318.0 575.0 52.0 ſi quis peccator ad Deum cõuertatur. Luc.15.ver.

54.0 350.0 579.0 53.0 1o. quia id ſciũt, cùm cura piorum quibuſdam ſit

53.0 384.0 580.0 49.0 commiſſa. Quod idem de ſanctis & in cœlum re¬

53.0 415.0 580.0 51.0 ceptis hominibus dici nõ poteſt. Nam idem mu¬

52.0 449.0 577.0 49.0 nus non eſt illis à Deo impoſitum & de mandatũ,

53.0 481.0 577.0 50.0 vt nos in viis noſtris cõſeruent. Quod tamen eſt à

49.0 514.0 581.0 50.0 Deo Bonis angelis præceptum. pſ. 91. Denique

49.0 543.0 580.0 53.0 Paulus in 1. Corinth.11. verſ.1o. & Epheſ.3.ver.1o.

49.0 576.0 580.0 53.0 pręſentes & ſpectatores eos intereſſe cœtibus ec

47.0 608.0 580.0 52.0 cleſiaſticis docet & aſſerit. Propter quos etiam

45.0 640.0 580.0 54.0 ait honeſtum eſſe & decorum, vt fœminæ Chri¬

47.0 673.0 525.0 51.0 ſtianæ velentur in Dei eccleſia & conuentu.

79.0 705.0 545.0 56.0 Secundo loco quæritur, Cur hos electos ap¬

45.0 740.0 578.0 53.0 pellet: Num etiam alij, qui mali dicuntur Repro

43.0 771.0 580.0 55.0 bati à Deo fuerint, & dici poſsint. Reſp. Etſi illa

41.0 804.0 581.0 55.0 electio & reprobatio, de qua tam ſępe in ſcriptu

41.0 839.0 580.0 51.0 ra fit mentio, propriè ad homines pertinet, non

41.0 870.0 577.0 52.0 ad Angelos:tamen cùm nihil præter Dei volun¬

39.0 905.0 578.0 46.0 tatem acciderit etiam in lapſu angelorum, imò

41.0 935.0 575.0 51.0 verò cum ex Angelis alij ceciderint, alij perſtite

36.0 966.0 583.0 53.0 rint, Deo ipſo ita ordinãte & prædeſtinãte. Deni

39.0 1001.0 579.0 50.0 que cùm ex ipſo Dei decreto hoc totum ita eue¬

36.0 1032.0 580.0 54.0 nerit, dubitari non poſſe, eos Angelos, qui perſti¬

35.0 1065.0 578.0 51.0 terunt in ſua origine, à Deo electos quidem me

32.0 1098.0 581.0 52.0 ra ipſis gratiua fuiſſe: Eos aũt, qui ceciderunt, re¬

36.0 1131.0 575.0 49.0 probatos ab eodem Deo: ídque iuſta de cauſa,

34.0 1163.0 576.0 65.0 quãquã nobis ignota. Voluit enim Deus hac ra¬
