1000 1448
372.0 108.0 64.0 31.0 222

479.0 96.0 378.0 39.0 AD I. PAVL. AD TIM.

372.0 127.0 574.0 50.0 Quaſi illa in his externis &άδιαφόρσις rebus inſit:

370.0 164.0 576.0 46.0 quæ in mentis renouatione, veteris hominis de¬

370.0 196.0 577.0 47.0 poſitione, & noui ſuſceptione poſita eſt, in fide

370.0 230.0 577.0 45.0 Chriſti, in charitate proximi, in omni internæ &

370.0 261.0 575.0 47.0 externæ immunditiæ expurgatione. Sed ita ho¬

370.0 291.0 579.0 47.0 mines ſibi præſtigias iſtas fecerunt, vt aliud quid

371.0 327.0 584.0 45.0 eſſe ſanctum, quàm iſtam viuendi rationem non

370.0 358.0 579.0 43.0 arbitrarentur. Denique iſti homines & ſeditionũ

371.0 392.0 578.0 44.0 in Eccleſia magnarum authores fuerunt, vt Eua¬

373.0 424.0 577.0 48.0 grius lib.3.cap 32. totáque hiſtoria Eccleſiaſtica

372.0 459.0 577.0 43.0 docet: & peſſimorum errorum tum ipſi inuento¬

371.0 490.0 576.0 44.0 res, tum propagatores, veluti Meſſalianorum,

371.0 522.0 578.0 43.0 Antropomorphitarum, Pelagianorum, Iudæo¬

371.0 554.0 579.0 40.0 rum, Abelonitarum, Samaritanorum. Quod non

370.0 584.0 580.0 43.0 tantum teſtatur Theodorit. lib. 1.cap.1 Hiſtor. ſed

370.0 617.0 580.0 45.0 ipſa rerum veritas & experientia: cùm nulli alii

370.0 648.0 578.0 46.0 ſint hodie Antichriſti, totiúſque Papiſticæ perfi¬

373.0 682.0 577.0 46.0 diæ maiores patroni, & fulcimenta, quàm tota i¬

373.0 718.0 400.0 41.0 ſta Monachorum factio & coitio.

405.0 745.0 545.0 46.0 Sed quęſitum eſt, cuius in Eccleſia vſus fuerint

372.0 781.0 578.0 41.0 iſti homines. Reſpond. Certè nullius, cùm nec

374.0 812.0 575.0 44.0 Preſbyteri, nec Diaconi, nec Epiſcopi eſſẽt. Itaq;

374.0 843.0 574.0 47.0 de ſe verè illi iſtud Horatianum dicere poſſunt.

405.0 880.0 496.0 42.0 Nos numeri ſumus. & fruges couſumere nati.

407.0 913.0 435.0 40.0 Proci Penelopes. nebulones, Alcinoique.

374.0 941.0 576.0 45.0 monachi officia populo celebrare non poſſunt.

374.0 974.0 579.0 43.0 Monachus officium plangentis habet, non docẽ¬

374.0 1007.0 578.0 41.0 tis. Ergo nullum munus Eccleſiaſticum gerunt,

374.0 1040.0 580.0 39.0 ſed nec gerere, quatenus Monachi ſunt, debent

375.0 1073.0 579.0 42.0 aut poſſunt, non concionari apud populum: non

376.0 1104.0 578.0 42.0 Sacramenta adminiſtrare. Claret enim & certum

376.0 1135.0 580.0 45.0 eſt, ait Bernardus, quòd publicè prædicare Mo¬

376.0 1168.0 579.0 54.0 nacho non conuenit, nec Sacramenta admini¬

876.0 1200.0 79.0 46.0 ſtrare
