1000 1448
373.0 101.0 67.0 32.0 224

478.0 88.0 377.0 39.0 AD I. PAVL. AD TIM.

372.0 115.0 572.0 54.0 pi, & curionis, in cuius parœcia iſta agit. Ex quo

372.0 152.0 574.0 47.0 poſtea factum eſt, vt in maximas Eccleſiæ

372.0 182.0 575.0 50.0 Papiſticæ dignitates, veluti Epiſcopatus, Archie¬

373.0 217.0 575.0 48.0 piſcopatus, Papatum denique ipſum, iſti cra¬

374.0 249.0 574.0 45.0 brones & locuſtæ inuolarent, & iam ipſius Papi¬

374.0 281.0 573.0 46.0 ſmi ſolæ columnæ reſtarent. Quo hominum ge¬

374.0 313.0 577.0 45.0 nere nihil habet vniuerſus orbis peſtilentioſius,

375.0 345.0 577.0 49.0 ſuperſtitioſius, impudentius, audacius, crudelius,

376.0 379.0 576.0 46.0 ambitioſius, aut denique magis auarum & rapax.

377.0 413.0 577.0 43.0 Hoc autem omne vitæ inſtitutum quàm procul

377.0 443.0 577.0 47.0 abſit à Pauli præcepto, & ἀσκήσει, cuius hîc men¬

378.0 476.0 578.0 44.0 tionem facit, vident omnes: imò verò vt nihil

380.0 509.0 578.0 47.0 quicquam cum Dei verbo conſentaneum habeat

379.0 539.0 577.0 48.0 ſed potius mortis Chriſti beneficium, & noſtræ

381.0 572.0 577.0 46.0 coram Deo iuſtificationis cauſam (quæ in vno

381.0 603.0 577.0 48.0 Chriſti ſanguine eſt) ad cibos & colores veſtium

380.0 634.0 580.0 48.0 meráſque ſuperſtitiones & blaſphemias transfe¬

381.0 669.0 581.0 46.0 rant, in hac Euangelij luce intelligunt omnes, vt

382.0 701.0 580.0 47.0 mihi non duxerim neceſſe diutius iſta refellere,

383.0 731.0 580.0 50.0 quæ vel indicaſſe ſatis eſt ad refutaſſe. Redi¬

385.0 769.0 380.0 48.0 mus igitur ad Paulum noſtrum.

429.0 819.0 28.0 32.0 9

465.0 805.0 496.0 51.0 Fidus eſt hic ſermo, & dignus qui o¬

389.0 847.0 336.0 50.0 mnibus modis recipiatur.

418.0 887.0 548.0 48.0 Commendatio ſuperioris doctrinæ ab vtilita¬

388.0 921.0 580.0 48.0 te & illius præſtantia. Tũ enim fidelis eſt hæc do¬

389.0 954.0 581.0 48.0 ctrina: tum verò omnibus vtilis, qui illã audiũt,

390.0 987.0 581.0 46.0 illíq; credunt. Præcautio quoq; & præmunitio

391.0 1019.0 581.0 46.0 quædã hæc eſſe videtur aduerſus varias animi du¬

392.0 1054.0 579.0 43.0 bitationes, quæ ex ſuperiori doctrina ſolẽt oriri.

395.0 1082.0 578.0 49.0 Tantũ. n. abeſt, vt fideles felices iudicentur, vt &

392.0 1115.0 581.0 47.0 miſeri & probroſi paſſim & vulgo eſſe cenſean¬

393.0 1147.0 582.0 54.0 tur. Quod iudiciũ falſum eſſe pronuntiat hoc loco

876.0 1180.0 99.0 55.0 Spiritus
