1000 1448
370.0 108.0 67.0 28.0 286

475.0 97.0 376.0 38.0 AD I. PAVL. AD TIM.

366.0 128.0 576.0 46.0 autem prætextu maximè id facere videbantur i¬

365.0 161.0 580.0 47.0 ſtæ mulieres, quòd tanquam publicæ quædam

366.0 196.0 579.0 45.0 perſonæ, & pauperum curam habentes in alienas

366.0 227.0 578.0 46.0 ædes poſſent, ſoleréntque liberrimè ingredi 2.

373.0 260.0 573.0 41.0 Timoth.3.verſ.6. Videtur autem etiam his ver¬

367.0 292.0 579.0 46.0 bis detractrices eaſdem appellare Paulus, more

366.0 325.0 581.0 41.0 dicendi Hebræis vſitatiſſimo, qui & detrectare &

367.0 357.0 580.0 45.0 diſcurrere eadem voce 2לτ Ragal dixerunt, quòd

370.0 391.0 577.0 45.0 detractores iugiter eant, & referant verba hinc

370.0 424.0 578.0 41.0 inde ex alijs audita. Peccant igitur hi in nonum

369.0 460.0 299.0 42.0 legis diuinæ præceptum.

401.0 485.0 547.0 47.0 Imò verò) Amplificatio eſt ſuperioris mali per

372.0 518.0 577.0 43.0 adiectionem & προδεσι. Non folum enim ſunt

370.0 551.0 578.0 43.0 otioſæ: ſed etiam Nugaces, & Curioſæ vel plus

370.0 587.0 579.0 42.0 quàm oportet negotioſæ φλυάρος appellat Pau¬

370.0 616.0 579.0 46.0 lus, quos Latini Nugaces, quæ vox videtur deri¬

370.0 650.0 579.0 41.0 uari à voce. φλύαξ, ακος, quæ tumulentum ho¬

370.0 680.0 582.0 44.0 minem ſignificat, quod hæc ſint duo maximè

370.0 715.0 580.0 44.0 inter ſe connexa vitia, Temulentia nempe, &

372.0 746.0 578.0 47.0 Nugacitas. Itaque vt Plutarch. lib.8. Sympoſia¬

371.0 778.0 580.0 45.0 con Problema. 1. nihil aliud eſſe videtur φλυz¬

370.0 809.0 580.0 49.0 εία quàm λήρησις πάροινος. Nugari quoque, ait idẽ,

370.0 843.0 580.0 49.0 propriè nihil aliud eſt, quàm vano & futili ſermo¬

371.0 876.0 580.0 42.0 ne vti, & eo, qui vel mendax eſt: vel qui quanquã

374.0 911.0 576.0 39.0 verus eſt, ad propoſitum tamen nihil facit & at¬

372.0 942.0 580.0 43.0 tinet. Vnde poſtea rixæ, iurgia, & contumeliæ o¬

372.0 972.0 580.0 45.0 riuntur, atque varia offendicula, Vocem autem i¬

374.0 1003.0 580.0 50.0 pſam nugæ Latinam ab Hebræa man hagã́h quod

374.0 1036.0 580.0 47.0 more auium garrire ſignificat deduci putat Ioſe¬

375.0 1069.0 578.0 49.0 phus Scaliger in lib. Varronis de lingua Latina.

408.0 1102.0 548.0 45.0 Qanquam autem Plutarchus in lib. πεὶ ἀδο¬

375.0 1135.0 579.0 41.0 λέσχίας videtur facere φλυκρίας ſiue ληρήσεως, duo

378.0 1169.0 577.0 54.0 genera, Temulentiam quam ὀινωσιν vocat, & ἀδο¬

863.0 1201.0 91.0 49.0 Rεσχίαν
