1000 1448
386.0 90.0 38.0 33.0 336

481.0 74.0 374.0 43.0 AD I. PAVL. AD TIM

374.0 107.0 580.0 50.0 Et hac ratione fuit æquè vtrique redemptio ſol¬

376.0 143.0 578.0 46.0 uens illum hominem, & ſeruans iſtum angelum.

378.0 174.0 576.0 51.0 Liquet ergo ſanctis angelis Chriſtum Dominũ

371.0 208.0 583.0 50.0 fuiſſe redemptionem, ſicut iuſtitiam, ſicut ſapien

374.0 241.0 581.0 50.0 tiam, ſicut ſanctificationem. Hæc Bernard. Au¬

376.0 273.0 578.0 51.0 guſti in Enchirid. ad Laurentium cap. 28. idem

377.0 316.0 87.0 37.0 ſentit.

409.0 337.0 546.0 49.0 Ac de obteſtatione quidem hæc dicta ſunt. Vi

377.0 372.0 578.0 48.0 deamus iam, à quibus vitiis paſtori iudicium ec¬

377.0 403.0 578.0 52.0 cleſiaſticum exercenti ſit cauendum, atque fu¬

381.0 446.0 125.0 40.0 giendum.

378.0 467.0 582.0 48.0 Duo autem ſunt nimirũ.1. Prælatio perſonarum

378.0 501.0 576.0 51.0 propter ipſarum dignitatem 2 Temeritas, prop¬

378.0 536.0 579.0 44.0 ter iudicãtis affectum. Neminem enim propter

378.0 565.0 580.0 51.0 dignitatem excuſari debere cenſet Paulus. Ne¬

378.0 597.0 579.0 50.0 minem etiam propter affectum iudicis præcipi¬

378.0 629.0 579.0 49.0 tanter, & inconſideratè damnandum eſſe vult.

380.0 663.0 578.0 50.0 Quæ duplex ratio magnos in Iudicando erro¬

378.0 695.0 580.0 50.0 res inducit, ex quibus tandem euertitur eccle¬

378.0 728.0 578.0 50.0 ſia. Cauſſæ igitur propter quas peruertuntur

379.0 759.0 579.0 47.0 iudicia ſunt in nobis: vel in illis ipſis, de quibus

379.0 792.0 580.0 50.0 iudicamus, à nobis quæruntur. Vocem Προκρίμα¬

382.0 827.0 576.0 49.0 roς ad præiudicia illa referunt, per quæ non per¬

381.0 858.0 579.0 48.0 ſona: ſed cauſa potius Presbyteri, qui iudicandus

381.0 893.0 578.0 47.0 eſt, vel grauatur, vel leuatur, id eſt, antequam

381.0 922.0 577.0 49.0 cognitũ ſit à nobis de eo ( de cuius cauſa agitur)

382.0 955.0 578.0 49.0 iam animi quadam præcipiti ſententia domi cõ¬

382.0 988.0 578.0 48.0 cepta definitum eſt. πρόσκλισιν autem eam eſſe vo¬

382.0 1020.0 579.0 49.0 lunt in iudicando rationem, quę leges ordinarias

383.0 1054.0 577.0 46.0 & ſtatutas prætermittit, vt faueat illi, de quo agi¬

383.0 1087.0 580.0 44.0 tur. Sed. Græcæ vocis ſignificatio non patitur

384.0 1118.0 578.0 47.0 hanc interpretationem, potiúſque ſequenda no¬

383.0 1149.0 580.0 56.0 bis eſt D. Bezæ explicatio. Vtcunque Paulus

906.0 1185.0 57.0 35.0 non
