1000 1448
242.0 102.0 174.0 23.0 CARVT V.

58.0 122.0 575.0 50.0 que canones conſtituit omnino & ſemper ec¬

53.0 154.0 579.0 50.0 cleſię neceſſarios, ſi modò eam rectè adminiſtra¬

53.0 187.0 165.0 43.0 re ipſi velint.

545.0 201.0 75.0 35.0 1011d0

87.0 219.0 542.0 50.0 Cur autem hæc pręſcribat Paulus facilis ratio

52.0 250.0 577.0 52.0 eſt, Nam ſi vel minimi cuiuſque ratio in Dei ec¬

52.0 282.0 576.0 54.0 cleſia haberi debet, multò magis eorum, qui prę¬

51.0 314.0 577.0 52.0 ſunt eccleſiæ. Si ſinguli, qui ſunt in eccleſia ordi¬

50.0 349.0 577.0 50.0 nes, regendi ſunt certis legibus, vt omnia rectè

49.0 382.0 578.0 48.0 fiãt in Dei eccleſia, multò magisij, à quibus maius

50.0 414.0 575.0 53.0 periculum imminet. Ergo tria quædam hîc pro¬

50.0 444.0 84.0 44.0 ponit,

79.0 478.0 402.0 46.0 I Quid præſtandum Presbyteris.

80.0 512.0 275.0 44.0 2Quibus Presbyteris.

83.0 543.0 412.0 45.0 3 Cur præſtari illis aliquid debeat.

78.0 575.0 544.0 50.0 Presbyterorum autem nomen hoc loco, & in

48.0 608.0 573.0 50.0 toto hoc argumento & capite, dignitatis nomen

45.0 637.0 577.0 52.0 eſt, non ætatis, quicquid Chryſoſto. & alij contrà

46.0 670.0 575.0 53.0 ſentiant vti ſæpe alibi & I.Petr.5.verſ.1.accipitur.

45.0 701.0 575.0 56.0 Id autem eſſe ita accipiendum apparet ex his ver

41.0 734.0 328.0 48.0 bis, Qui laborant in ſermone.

73.0 767.0 548.0 55.0 Ergo illis, debetur honor, íſque duplex, ait Paulus

43.0 800.0 578.0 55.0 Honoris voce ſubſidium omne piúmque offi¬

42.0 834.0 579.0 54.0 cium, more Hebræorum, ſignificatur, vti ſupra

41.0 866.0 580.0 53.0 eodem ſignificato verſ.3. Viduas honora & 1. Pe¬

41.0 900.0 581.0 49.0 tr.3.verſ.7. Vir vxori honorem tribuat. Sumpta eſt

41.0 928.0 580.0 55.0 hæc dicendi ratioex lege Dei & præcepto 5.Ho¬

40.0 966.0 582.0 50.0 nora patrem. Sunt enim nomine parentum, ſed

40.0 994.0 581.0 55.0 ſpiritualium comprehenſi, qui nos verbo Dei paſ

41.0 1028.0 579.0 53.0 cunt: & præſont nobis, nóſque in Chriſto vel ge¬

38.0 1060.0 584.0 54.0 nuerunt: vel iã genitos cœleſti cibo alunt, quod

39.0 1090.0 582.0 57.0 faciunt hi Presbyteri. I taque hic canon Pauli ex

41.0 1127.0 579.0 54.0 quinto legis diuinæ præcepto ductus eſt. Con¬

37.0 1156.0 580.0 63.0 ſentit autem hic locus cũ 1.Corinth.9. &Hebr.13.

454.0 1209.0 48.0 40.0 uej.
