1000 1448
251.0 101.0 221.0 25.0 CAPVT IIII.

605.0 86.0 40.0 45.0 215

64.0 120.0 582.0 48.0 rebus homines ferè faciliúſque capiuntur, quàm

65.0 156.0 578.0 41.0 vera ſanctitate: ſic hoc nouo hominum genere

65.0 190.0 581.0 37.0 exorto & terris monſtrato, omnes miro ſtupore

65.0 222.0 586.0 39.0 affici, nouum hoc vitæ genus in cœlum tollere,

66.0 253.0 580.0 39.0 & cùm ad ſcripturæ regulam non examinarent,

69.0 285.0 578.0 44.0 (quod tamẽ Baſil. Magnus vitæ Monaſticæ præ¬

65.0 318.0 581.0 38.0 co fieri vult) ſolum beatum prædicare cœperunt.

65.0 350.0 582.0 39.0 Hinc laudes horum hominũ immenſæ extiterũt,

67.0 382.0 578.0 44.0 & hyperbolicè decantatæ, etiam à priſcis ſcri¬

66.0 415.0 581.0 42.0 ptoribus quibuſdam, qui Baſilium ſunt ſequuti¬

66.0 448.0 584.0 42.0 Nam Iuſtini Martyris, Tertulliani, Cypriani, Ire¬

66.0 482.0 584.0 39.0 næi, Ignatij ſeculo hoc mõſtrum hominum non¬

66.0 513.0 584.0 40.0 dum natum in orbe Chriſtiano fuerat, quicquid

66.0 545.0 582.0 38.0 Euſebius ex Philone narret: cùm Philo non de

70.0 576.0 579.0 41.0 Chriſtianis, ſed de Eſſænis Iudæis loquatur, quæ

65.0 609.0 582.0 40.0 res non fuit, vt aliæ multæ, ab Euſebio obſeruata,

67.0 642.0 580.0 40.0 quemadmodum præclarè Chẽnitius in Exami¬

66.0 674.0 584.0 43.0 ne Tridentini concilij probat, quicquid Diony¬

66.0 707.0 581.0 42.0 ſius ille conſecrationis Monachorum in Hierar¬

69.0 741.0 205.0 38.0 chia meminerit.

99.0 773.0 549.0 42.0 Quidam hoc hominum genus ex perſequutio¬

65.0 805.0 584.0 42.0 nibus, ijs præſertim, quæ ſæuiſſimæ contigerunt

65.0 838.0 584.0 41.0 ſub Maximino, & poſtea Diocletiano, exortum

65.0 872.0 583.0 40.0 cenſent, quòd cogerentur pij homines in vaſtas

64.0 902.0 584.0 39.0 ſolitudines confugere, vt perſequutorum imma¬

65.0 933.0 582.0 38.0 nitatẽ euitarẽt. Et certè hæc cauſa erat probabilis

63.0 965.0 583.0 42.0 niſi ἔξ ἀιρέβως potius animi, quàm ex vlla neceſ¬

65.0 1000.0 584.0 40.0 ſitate appareret homines hoc ſibi iugum impo¬

66.0 1031.0 581.0 41.0 ſuiſſe, & eo tempore, quo nullæ erant perſequu¬

66.0 1061.0 582.0 45.0 tiones: ſed ſumma pace fruebatur Eccleſia Dein¬

67.0 1096.0 582.0 40.0 de niſi ipſa hiſtoria Eccleſiaſtica eo tempore,

68.0 1129.0 584.0 40.0 quo Monachiſmus adhuc penè recens erat, ſcri¬

69.0 1162.0 581.0 52.0 p ta, aliud diceret, quæ refert hoc inſtitutum vitæ

471.0 1201.0 73.0 36.0 o.iiij.
