1000 1448
238.0 115.0 218.0 25.0 CAPVT IIII.

67.0 131.0 580.0 54.0 ſoit. Itaque petunt illi principium, vt loquuntur,

68.0 169.0 579.0 45.0 cùm volunt illam Eccleſiæ prohibitionem de

67.0 201.0 579.0 48.0 ciborum vſu & differentia firmam & legitimam

67.0 234.0 579.0 46.0 eſſe. Quam quæſtionem breuiùs tracto, quia ab

66.0 265.0 580.0 49.0 infinitis noſtro ſeculo, imprimis autẽ à D. D. Lu¬

67.0 300.0 368.0 40.0 thero, & Caluino explicata eſt.

82.0 331.0 564.0 47.0 Manichęi verò & Tatiani alios aliquot ſcriptu¬

65.0 364.0 581.0 46.0 ræ locos obiiciunt aduerſus Paulum. Primùm

67.0 396.0 579.0 46.0 Geneſ.1.verſ.29. vbi nulla fit carnis mentio inter

65.0 428.0 582.0 44.0 eos cibos, qui homini conceduntur à Deo: ſed

65.0 462.0 579.0 45.0 tantùm herbarum, olerum, & fructuum arboris.

64.0 493.0 580.0 46.0 Ergo ſi ad primam Dei inſtitutionem reuoce¬

65.0 527.0 579.0 46.0 mur, carne nos abſtinere oportere aiunt. Reſp.

63.0 559.0 580.0 45.0 Paulum ſpectare non illam modò conceſsionem,

63.0 589.0 580.0 48.0 quæ homini primùm à Deo facta eſt: ſed eã, quæ

64.0 624.0 577.0 43.0 poſtea, tanquam illius beneficij ampliatio quæ¬

62.0 657.0 579.0 46.0 dam, acceſsit, & extat Geneſ.9.verſ.3 vbi carniũ

61.0 689.0 469.0 42.0 eſus diſertè conceditur, & exprimitur.

92.0 719.0 547.0 45.0 Secundò locum Pauli afferunt, ex 1. Corinthe

62.0 754.0 578.0 45.0 9. verſ.7. vbi lactis tantùm, & eius eſus meminit

61.0 785.0 580.0 48.0 Paulus, non etiam carnis. Reſp. Non excludere

59.0 819.0 581.0 48.0 illam Pauli ſententiam eſum carnis, cuius ipſe

59.0 852.0 581.0 46.0 meminit, vti rei licitæ etiam in eadem Epiſtola

60.0 882.0 577.0 48.0 8. verſ.13. Nam illîc alia Pauli mens eſt & ſcopus,

61.0 917.0 576.0 47.0 quàm vt explicet vtrum homini Chriſtiano car¬

57.0 950.0 301.0 39.0 nem edere liceat, nec ne.

94.0 979.0 543.0 48.0 Tertiò dicunt inter res ad victum humanum

57.0 1013.0 580.0 45.0 neceſſarias non recenſeri carnes in Eccleſiaſtic,

58.0 1047.0 579.0 43.0 cap.39, verſ.31, & 32. cùm tamen multa ciborum

60.0 1080.0 577.0 44.0 genera enumerentur. Reſpond. Quod illîc præ¬

57.0 1111.0 580.0 44.0 termiſſum eſt, alibi additum eſſe. Neque ex eo

57.0 1143.0 580.0 44.0 libro regulam fidei vitæque inſtituendæ petendã

57.0 1176.0 580.0 61.0 eſſe, cùm ſit liber Apocryphus. Deniq; illîc oepen¬

490.0 1222.0 40.0 41.0 nij
