1000 1448
272.0 99.0 184.0 20.0 CABVT V.

594.0 86.0 47.0 43.0 405

65.0 119.0 580.0 46.0 communicatus, poſſumus & officia præſtare quæ

66.0 156.0 580.0 41.0 illi debemus: & ab eo exigere, quæ debet ipſe.

68.0 188.0 577.0 43.0 Denique quæcunque homo homini debet, ea

68.0 221.0 577.0 41.0 non ſunt deneganda. Quæ autem amicus amico

68.0 250.0 577.0 45.0 ἐκ πρναιρέσεως pollicetur, aut offert, ea nobis non

68.0 283.0 577.0 41.0 ſunt vel ab excommunicato quærenda, vel cum

69.0 320.0 576.0 35.0 eo contrahenda & ineunda. Veteres tribus ma¬

68.0 348.0 578.0 39.0 ximè Symbolis iſtam cum excõmunicato fami¬

69.0 381.0 577.0 37.0 liaritatem tam arctam deſcribebãt, quibus iube¬

70.0 415.0 575.0 36.0 bant pios abſtinere, neq; cũ eo cõmunia habere.

68.0 446.0 578.0 39.0 Ea autem Symbola erant, lectus, menſa, domus,

70.0 479.0 577.0 35.0 quæ cum excõmunicato communicare nos pro¬

67.0 509.0 580.0 41.0 hibent, quia ea ferè amicitię, & arctioris familia¬

67.0 541.0 580.0 41.0 ritatis ſigna ſunt inter homines Syneſ.epiſt.66. &

68.0 574.0 579.0 42.0 Plutarch. Sympoſia. lib. 8.quæſt.7. ea putant eſſe

68.0 607.0 575.0 38.0 ſacra. Nã ea ijs tantùm à nobis communicanda,

68.0 637.0 578.0 44.0 & offerenda eſſe, qui cõmunibus nobiſcũ ſacris

70.0 671.0 576.0 39.0 vtuntur: non autem excommunicatis, non quòd

69.0 705.0 578.0 37.0 tamen vetent iſti patres hominem excommu¬

69.0 742.0 577.0 31.0 nicatum egentem alere, errantem lecto excipere

69.0 771.0 577.0 37.0 ægrotantem lecto accommodare: ſed ita loque¬

68.0 802.0 578.0 42.0 bantur, ne vllam amicitiam cum ijs contrahamus

67.0 837.0 579.0 33.0 non autem vt ijs vel communia humanitatis vel

69.0 866.0 578.0 43.0 priuata officia denegemus. Eodem ſenſu eſt acci¬

71.0 900.0 576.0 40.0 piendum, quod eſt 2 Ioan. verſ.1o. Ne dicamus ijs

70.0 932.0 577.0 39.0 tiur, non vt nos aduerſus eos inciuiles & inhu¬

69.0 963.0 577.0 40.0 manos oſtendamus: ſed ne ijs blandiri videamur

71.0 997.0 575.0 39.0 & ita eos in errore foueamus. Ex quo apparet,

73.0 1028.0 575.0 41.0 quæ ſit ſignificatio vocis eυναναμίγνυθς, qua vti

72.0 1061.0 574.0 40.0 tur Paulus & 1. Corinth.5.verſ.9. & II. Quanquam

73.0 1093.0 576.0 41.0 enim plus eſt non habere commercium, vel non

74.0 1124.0 575.0 39.0 miſceri, quàm ſe ſubducere: vtrumque tamen

74.0 1156.0 576.0 50.0 ita eſt explicandum, vt ad priuatæ amicitiæ fœ¬

471.0 1193.0 65.0 45.0 C.iij.
