1000 1448
362.0 95.0 464.0 49.0 308 AD I. PAVL. AD I'IM.

355.0 124.0 571.0 57.0 Tract.7. contra Catabaptiſtas. Nec fures nec la¬

353.0 161.0 568.0 53.0 trones ſunt verbi Dei Miniſtri, qui iuſta à grege

353.0 197.0 577.0 48.0 ſuo ſtipendia, quantum quidem ad victum & ve¬

353.0 224.0 577.0 55.0 ſtitum ſatis eſt, exigunt, vt iſti calũniantur. Nec

354.0 258.0 576.0 51.0 ſunt fuci cùm ſtrenuè verbo Dei nauantes operã,

358.0 297.0 362.0 45.0 ita viuunt ſiue manuali labore.

390.0 320.0 536.0 52.0 Secundum caput, eſt quibus Presbyteris de¬

358.0 356.0 571.0 48.0 beatur? Reſp. Iis preſertim qui in verbo Dei &

358.0 386.0 568.0 54.0 Doctrina laborant. Ergo eſt duplex Presbytero¬

358.0 424.0 572.0 48.0 rum genus, Vnum eorum, qui Doctrinę cœle¬

358.0 451.0 574.0 52.0 ſtis ſant Miniſtri: qui nihil ab epiſcopis & Paſto

358.0 485.0 575.0 52.0 ribus differunt: Alterum eorum, qui moribus fi¬

361.0 520.0 573.0 48.0 delium tantum inuigilant, & cos inſpiciunt, ne

361.0 550.0 572.0 51.0 quid offendiculi in eccleſia Dei ex quoquam o¬

358.0 579.0 576.0 54.0 riatuc. Hi ſunt, quos in Gallia vulgo Supervigilã¬

361.0 613.0 576.0 52.0 tes dicimus qui vnà cum Miniſtris verbiDei con

358.0 642.0 581.0 56.0 ſiſtoriũ ſiue Senatum eccleſiaſticum conſtituũt.

362.0 678.0 576.0 53.0 Sed quæritur, vtrum hoc poſtremum genus Pres-

362.0 711.0 576.0 52.0 byterorum ſit negligendum ab eccleſia. Reſpon.

362.0 741.0 577.0 52.0 Minimè verò, ſi quidem iſti quoque egeant: ſed

363.0 773.0 577.0 51.0 primum genus magis commendatũ nobis eſſe de

363.0 806.0 579.0 53.0 bet Ex quo fit, vt Paulus addiderit. Ma ximè. ſimi

363.0 838.0 581.0 54.0 lis locus Galat.6.verſ.6. Ait enim communicet qui

364.0 870.0 578.0 55.0 instituitur in ſermone ei, qui ſe irſtituit, omnia bona.

379.0 902.0 563.0 53.0 Obſtat quod ait Chriſtus Matth.1o. verſ.8.Gra

365.0 933.0 576.0 54.0 nj ilccepiſtis, gratis date. Reſp. Eum gratis præeſ¬

365.0 970.0 578.0 50.0 ſe & paſcere gregẽ, qui nec lucrandi noc diteſcen

367.0 1000.0 577.0 52.0 di animo id facit: quanquam victum ſibi neceſſa¬

367.0 1032.0 575.0 54.0 rium à grege, ideſt ab eccleſia accipit, quemad¬

368.0 1065.0 575.0 53.0 modũ docet & Chriſtus eodem loco, & Paulus

372.0 1100.0 382.0 47.0 I.Corinth.9.2. Corinth.11.verſ.8.

390.0 1131.0 553.0 48.0 Vult autem iſtos Presbyteros laborare, er¬

373.0 1162.0 576.0 63.0 go non otioſos eſſe vult, non etiam perfunctoriè

888.0 1198.0 54.0 56.0 tan¬
