1000 1448
352.0 103.0 63.0 31.0 214

467.0 86.0 371.0 45.0 AD I. PAVL. AD TIM.

351.0 118.0 579.0 56.0 dam certo præpoſito, & in eadem vitæ regula

351.0 166.0 110.0 41.0 degenti.

386.0 182.0 543.0 52.0 Viuendi quidem inſtituta & regulas poſſe eſſe

352.0 218.0 576.0 49.0 in quoq; ordine Monachorum diuerſas, hæc ta¬

353.0 250.0 577.0 52.0 men tria vota eſſe ipſius vitæ Monaſticæ eſſen¬

352.0 283.0 578.0 52.0 tialia, & ab ea ſemper indiuulſa. Quod Thomas

352.0 317.0 573.0 50.0 Aquinas in 2 2æ & in opere Contra impugnant.

353.0 346.0 577.0 50.0 Religion. prolixè docet. Nam qui definiunt Mo¬

353.0 381.0 577.0 50.0 nachum eſſe militem Chriſti: vel agricolam ter¬

352.0 415.0 578.0 49.0 ræ: vel Angelicũ hominem, nõ modò rem nõ ex¬

354.0 445.0 575.0 51.0 plicant: ſed quod experientia huius ætatis demõ¬

354.0 477.0 579.0 50.0 ſtrat, mentiuntur, cùm nullus hodie Monachus ſit

353.0 510.0 579.0 50.0 huiuſmodi. Vtcunque maximè ſuperſtitioſum

355.0 542.0 579.0 50.0 vitæ genus eſt, & à Turcis etiam hodie in blaſ¬

355.0 575.0 579.0 51.0 phema ipſorum doctrina ſemper retentum, quia

354.0 608.0 579.0 50.0 fuco faciẽdo hoc genus hominum eſt aptiſsimũ.

354.0 637.0 581.0 53.0 A Iudæorum Eſſonis, vt multi exiſtimant, primũ

353.0 670.0 583.0 48.0 introductum fuit, & inſtitutum: & inde poſtea

355.0 705.0 580.0 49.0 ad Chriſtianos tranſlatum à ſuperſtitioſis homi¬

354.0 736.0 582.0 53.0 nibus primùm Ægyptijs, deinde Syrijs: poſtea

358.0 769.0 578.0 50.0 Aſiaticis, demum Græcis & Europæis, ne vlla

359.0 802.0 544.0 52.0 pars orbis tanti mali expers eſſet, & immunis.

390.0 833.0 546.0 50.0 Certè poſt Chriſtum natum Anno 300. maxi¬

358.0 868.0 578.0 49.0 mè in Ægypto commendari cœpit. Fuit enim ea

358.0 900.0 578.0 49.0 regio, vti Arrianiſmi, & Meletiaſmi, maximarum

358.0 932.0 579.0 48.0 narcicomita etià Monachiſmi ſatrix & ferax aut

358.0 964.0 578.0 50.0 ſiue propter ſolitudines, quas hoc hominũ genus

357.0 998.0 579.0 48.0 ferũ prorſus & agreſte captat: ſiue propter inna¬

358.0 1028.0 578.0 49.0 tam illi genti ſuperſtitionem præter cæteras mũ¬

358.0 1062.0 580.0 46.0 di nationes. In occidente hoc hominũ genus fuit

358.0 1094.0 580.0 48.0 poſterius & notum & receptum, & demum ſub

361.0 1126.0 577.0 48.0 Vitaliano Pontifice Roman. cœperunt Mona¬

355.0 1160.0 584.0 57.0 chorum cœnobia erigi. Sed tamen, vt externis

855.0 1194.0 83.0 43.0 rebus
