1000 1448
359.0 109.0 64.0 39.0 306

462.0 95.0 377.0 44.0 AD I. PAVL. AD TIM.

358.0 128.0 316.0 56.0 verſ.7.1.Theſſ.5.verſ12.13.

391.0 152.0 539.0 59.0 Cùm autem hoc præcipit tam diſertè Paulus,

358.0 189.0 577.0 58.0 obliquè taxat illius ætatis ingratitudinem in ſuos

360.0 222.0 575.0 57.0 Paſtores, nec tantum cauet in futuram poſterita¬

361.0 255.0 576.0 52.0 tem. Hoc tamen malum regnat adhuc hodie, &

362.0 285.0 576.0 56.0 hac ipſa ratione verbo cœleſti priuare eccleſias

363.0 317.0 576.0 59.0 tentat Satan: multos certè à ſuſcipiendo cœleſti

363.0 353.0 575.0 57.0 miniſterio deterret, quòd eos efficiat famelicos,

366.0 382.0 575.0 61.0 qui Deo ipſi in tam honeſta neceſſariáque cauſa

367.0 417.0 575.0 58.0 ſeruiant: quorum operæ & labori nullus alius, vt

367.0 448.0 573.0 57.0 ait Chryſoſtomus, eſt conferẽdus. Et rectè. Ergo

368.0 481.0 572.0 58.0 quod aliis collatũ diceretur eleemoſyna, Preſby¬

371.0 515.0 571.0 56.0 teris pręſtitum dicitur honorarium, ſtipendium,

371.0 551.0 373.0 52.0 Debitum, à Chriſto ipſoμιθὸς.

400.0 577.0 542.0 56.0 Ait Paulus Duplicis, vt cæterorum compara¬

372.0 610.0 573.0 59.0 tione, quibus aliquid etiam ſpecialiter debemus,

373.0 643.0 576.0 56.0 eos nobis magis commendet. Sic tamen quidam

373.0 673.0 577.0 56.0 interpretantur, Duplici honore perinde & tantũ

374.0 704.0 576.0 61.0 eſſe, atque ſi dixiſſet, Magno. Alij vero cõparatè

376.0 737.0 576.0 60.0 hoc dici putant, alij abſolutè. Abſolutè quòd &

377.0 772.0 575.0 56.0 in hac vita digni ſint verbi Dei miniſtri ſtipen¬

378.0 806.0 576.0 54.0 dio & ſubſidio victus: & in futura vita, felicitate

378.0 835.0 576.0 59.0 ęterna. Quicertè errãt, ſi nos Miniſtróſve ipſos a¬

378.0 867.0 576.0 58.0 liquidapud Deũ mereri poſſe putant. Chryſoſto.

378.0 902.0 578.0 60.0 rectius, qui Duplicem honorem explicat Venera¬

382.0 930.0 576.0 60.0 tionem ipſorum perſonæ id eſt reuerentiam: &

383.0 965.0 576.0 55.0 Subſidium vitæ ac alimoniæ. Certè vtrumque Pa

382.0 997.0 577.0 60.0 ſtoribus, vti Parentibus ipſis, deberi veriſſimum

384.0 1031.0 576.0 59.0 eſt. Qui comparatè verò hunc locum accipiunt,

385.0 1061.0 577.0 56.0 referunt ad ſuperiora præcepta de viduis alen¬

387.0 1093.0 575.0 59.0 dis & honorandis. Iſtis enim viduis longè ſunt

387.0 1127.0 575.0 57.0 magis honorandi Presbyteri & paſtores. Quæ

383.0 1160.0 579.0 69.0 ſententia videtur huic loco conſentanea & com¬

880.0 1194.0 83.0 64.0 moda
