1000 1448
577.0 70.0 48.0 62.0 277

216.0 101.0 181.0 24.0 CAPAT. V.

51.0 117.0 578.0 48.0 tit & experitur. Itaque qui carnis eſu ſe prorita¬

53.0 154.0 576.0 43.0 ri vident, carne abſtinere debent. Qui verò pi¬

53.0 186.0 576.0 44.0 ſcium eſitatione ſe laſciuiores fieri ſentiunt (eſt

53.0 218.0 576.0 43.0 enim cibi genus delicatiſſimum, vt teſtatur in

55.0 250.0 574.0 42.0 Sympoſiac. Plutarchus piſcium eſus) piſcibus ab¬

53.0 282.0 574.0 41.0 ſtinebunt. Qui vino ſe libidinoſiores effici com¬

54.0 316.0 575.0 43.0 perient, vinum ne bibant, quia quo maximè ca¬

52.0 349.0 577.0 42.0 ro noſtra proritatur, illud eſt ſubtrahendum, quẽ¬

51.0 382.0 577.0 41.0 admodum ferocienti equo nimium pabulũ (quẽ¬

52.0 413.0 577.0 42.0 admodum in lib. de Arte equeſtri tradit Xeno¬

53.0 448.0 576.0 37.0 phon) eſt ſubducendum, vt contundatur, & do¬

49.0 479.0 580.0 42.0 metur facilius. Qui verò eſu leguminum ſe ad

49.0 511.0 580.0 40.0 peccandum magis incitari ſentiunt, leguminibus

49.0 545.0 579.0 38.0 potius quàm carne debent abſtinere: quia fon¬

48.0 575.0 577.0 43.0 tes & incentiuum peccati eſt tollendum, non

48.0 606.0 578.0 43.0 illud, quod libidinem in nobis non accendit. Irẽ

50.0 641.0 575.0 42.0 quorum ciborum eſu maximè offenduntur infir¬

45.0 671.0 581.0 45.0 mi adhuc fratres, quibuſcum verſamur, illis eſt

49.0 705.0 577.0 43.0 abſtinendum, non eſt autem par ratio in alijs ci¬

46.0 736.0 579.0 45.0 bis Fieret enim temerè & ſine cauſa. Neque verò

45.0 770.0 581.0 44.0 hîc nobis vel Nazaræorum votum, de quo eſt

45.0 803.0 580.0 44.0 Numeror. 6. quiſquam in vſum & præceptum

43.0 837.0 582.0 41.0 reuocet. Fuit enim illud cæremoniale, & iam per

46.0 867.0 579.0 43.0 Chriſtum implementum atque finem habuit. I¬

45.0 900.0 580.0 43.0 taque deſijt eſſe in vſu. Neque etiam quiſquam

43.0 933.0 583.0 43.0 regerat, reponátque vetus illud diſcrimen ci¬

48.0 966.0 576.0 40.0 borum, quod in lege ſua cæremoniali Dominus

43.0 998.0 581.0 41.0 inſtituit Deuter. 14. Leuitic. 11. quia illud criam

43.0 1029.0 582.0 43.0 fuit planè cæremoniale. Vnde Apoſtoli ipſi de

44.0 1064.0 580.0 38.0 vſu ciborum interrogati minimè illud inter ho¬

45.0 1094.0 579.0 43.0 mines retinuerunt in concilio Hieroſolymitano

42.0 1127.0 582.0 45.0 Actor. 15. Quin etiam illud ciborum diſcrimen

41.0 1160.0 580.0 56.0 ſæpe Paulus oppugnat, imprimis autem in Epi¬
