1000 1448
230.0 111.0 216.0 25.0 CAPVT IIII.

603.0 98.0 30.0 44.0 235

62.0 128.0 575.0 48.0 Timoth.1. verſ.6. Explicatum autem eſt à nobis

57.0 166.0 316.0 43.0 ſupra eo ipſo cap.1.verſ.18,

88.0 199.0 546.0 43.0 ΚάριQμα autem dixit Paulus, nõ χe Quα, ne quis

57.0 230.0 580.0 45.0 hebes Papiſta putet chriſma, quo ipſi ſuperſtitio¬

57.0 266.0 580.0 40.0 ſè vtuntur ad ſuos Sacerdotes & Epiſcopos vn¬

57.0 296.0 578.0 47.0 gendos & inaugurandos, hîc eſſe à Paulo com¬

57.0 337.0 319.0 35.0 memoratum & quæſitum.

86.0 361.0 551.0 44.0 De impoſitione manuum infra, vti & de voce hac

55.0 394.0 581.0 45.0 Preſbyterij, quæ cœtum ſignificat Preſbyterorum,

55.0 428.0 581.0 40.0 contra quàm ſentit Eraſmus: putat enim ille E¬

54.0 464.0 583.0 38.0 piſcopatum ſignificari hoc loco, & finẽ deſignari

54.0 494.0 583.0 39.0 non inſtrumentum & modum, quo vocatus eſt

59.0 526.0 470.0 41.0 Timotheus: infra dicetur cap.5.vers.22.

83.0 555.0 552.0 41.0 Hic locus commendat authoritatem Preſby¬

52.0 588.0 585.0 41.0 terij, & vocationes ordinarias, quæ hominum mi¬

51.0 621.0 584.0 41.0 niſterio fiunt, quàm qui maximè, ne quis prætex¬

53.0 655.0 580.0 40.0 tu ingentium donorum & egregiæ ſuæ doctrinæ

53.0 686.0 580.0 38.0 in Eccleſiam intrudat ipſe ſeſe, cùm Timotheus

53.0 718.0 581.0 43.0 tantus vir etiam de quo præceſſerant ſpiritus Dei

53.0 752.0 579.0 38.0 apertæ prophetiæ, tamen ordinario modo deſi¬

54.0 784.0 489.0 42.0 gnatus ſit miniſter & præco verbi Dei.

92.0 848.0 537.0 46.0 15 Hæc exerce, in his eſto: vt tuus profe¬

54.0 886.0 415.0 52.0 ctus manifeſtus ſit inter omnes.

86.0 937.0 547.0 42.0 Tertia admonitio de ipſa operis difficult ate,

53.0 972.0 579.0 43.0 vt ea perſpecta diligẽtius paſtores ſuo muneri in¬

52.0 1007.0 580.0 39.0 cumbant. Habet autem ſummos ſtimulos ipſa

50.0 1038.0 585.0 39.0 ſtyli, quo Paulus vtitur, ratio, meditare (ait) in his

52.0 1070.0 580.0 40.0 esto. Vrget enim paſtores ne alibi diutius aut lu¬

51.0 1103.0 578.0 40.0 bentius occupentur, quàm in hoc munere ſuo,

50.0 1138.0 579.0 36.0 tanquam in ſua Sparta exornanda. Ergo damnan¬

50.0 1169.0 580.0 52.0 tur ex hoc Pauli dicto paſtores omnes, qui in ijs,
