1000 1448
227.0 103.0 235.0 25.0 CAPVT. IIII.

603.0 80.0 47.0 50.0 181

63.0 119.0 586.0 51.0 uanda, 1 Quanti momenti ſit hæc prædictio. 2

68.0 157.0 580.0 44.0 Quid contineat. Magni enim eſſe momenti ex eo

66.0 189.0 583.0 45.0 apparet, quod ρντως, id eſt diſertè & præciſè à Dei

66.0 222.0 584.0 44.0 ſpiritu prędicta fuit, & reuelata. Etſi enim omniũ

67.0 255.0 581.0 40.0 eorum, quæ Paulus annuntiauit, Spiritus ſanctus

67.0 288.0 583.0 44.0 eſt author: hanc tamen tanquam ſpecialem quã¬

68.0 320.0 583.0 42.0 dam prophetiam & admonitionem vtilem futu¬

67.0 349.0 581.0 43.0 rã Eccleſiæ manifeſtauit, & obſeruari voluit Spi¬

68.0 382.0 582.0 45.0 ritus ſanctus. Quæri verò poteſt, vbi hoc prædi¬

69.0 415.0 583.0 46.0 xerit Spiritus. Reſpond. Alium librum, & alium

68.0 448.0 582.0 45.0 locum, quàm hunc ipſum, non eſſe quærendum.

71.0 478.0 580.0 48.0 Satis enim eſt hanc fuiſſe prophetiam, quæ Pau¬

69.0 512.0 583.0 46.0 lo & Eccleſiæ reuelata fuerit. Nec enim fuit Pau¬

69.0 544.0 582.0 47.0 lus mendax: ſed Dei propheta: & de his rebus,

70.0 577.0 583.0 45.0 vti de aliis multis, Dei voluntatem compererat

72.0 612.0 438.0 43.0 quemadmodum apparet ex 2. Teſſ.3.

102.0 640.0 549.0 48.0 Non poſſet fortaſſe prima fronte hæc doctri¬

72.0 676.0 575.0 44.0 na, quæ hîc à Paulo damnatur, vti Dæmoniaca,

73.0 707.0 577.0 45.0 & hypocriſis plena, tanti eſſe momenti videri,

73.0 740.0 579.0 41.0 cùm de cibis tantùm agat, & matrimonijs. Re¬

72.0 773.0 579.0 41.0 ſpondeo tamen cùm hac ratione veræ ſanctitatis

73.0 805.0 580.0 42.0 definitio, & cultus Dei natura prorſus peruerſa

71.0 838.0 583.0 44.0 fuerit, & in meram nõ modò ſuperſtitionem, ſed

72.0 872.0 580.0 44.0 impietatem vel hypocriſin conuerſa, merito

73.0 904.0 580.0 43.0 deteſtandam & periculi plenam dici & damnari.

74.0 937.0 579.0 38.0 ouu emm huiuſmodi ſententiæ inter Chriſtia¬

73.0 967.0 581.0 45.0 nos obtinent, iam rebus externis alligatur vera

73.0 1003.0 581.0 41.0 ſanctitas, nimirum ciborum & coniugij continẽ¬

74.0 1032.0 580.0 44.0 tiæ. Deinde hac ratione cenſetur Deus melius

74.0 1065.0 580.0 45.0 coli. Demum hac feneſtra ſemel patefacta certa¬

76.0 1098.0 578.0 45.0 tim homines ex ingenij ſui vanitate in ἐθελοSon¬

75.0 1131.0 582.0 41.0 σκάας ruunt, & Deum ex ſui animi commentis co¬

80.0 1164.0 576.0 50.0 lunt: non autẽ amplius ex ſacroſancto ipſius ver¬

456.0 1194.0 77.0 54.0 m.iiij.

30.0 116.0 12.0 48.0 3
