1000 1448
242.0 93.0 178.0 15.0 CAFVIV.

588.0 68.0 37.0 56.0 383

49.0 107.0 576.0 47.0 dici crudelitatem, vt ex eius epiſtolis apparet,

51.0 144.0 577.0 42.0 de qua purgare quidem Monaſticam vitam niti¬

49.0 176.0 580.0 44.0 tur: ſed non poteſt, vti neque ad hoc argumentũ

51.0 209.0 576.0 41.0 reſpondit Thomas in Apologia & defenſione

50.0 239.0 576.0 42.0 Monaſticæ vitæ, quia eſt ineuitabile aduerſus cã

49.0 272.0 575.0 44.0 telum. Modus tamen is adhiberi debet in cibis,

49.0 306.0 576.0 43.0 in quo nullum ebrietatis, ac intemperantiæ ſpe¬

49.0 338.0 376.0 44.0 cimen aut veſtigium appareat.

82.0 371.0 543.0 42.0 Atque eò pertinet, quod ait Paulus, modieo

49.0 403.0 577.0 42.0 vino vtere: non enim ad ebrietatem & ſatietatem

46.0 435.0 579.0 41.0 ſed ad ſanitatem ſumi & vinum, & reliquos cibos

49.0 468.0 420.0 41.0 vult Deus cum gratiarum actione.

68.0 499.0 558.0 44.0 Deniq; ex hoc ipſo loco futilis & inepta pror¬

45.0 531.0 577.0 43.0 ſus deprehendi poreſt illa Bernardi ſententia,

47.0 565.0 578.0 39.0 qui epiſt.321.negat honeſtati & puritati vitæ Mo¬

44.0 597.0 578.0 38.0 naſticæ, id eſt, ſanctæ conuenire, vti medicamen¬

44.0 629.0 579.0 41.0 tis & potionibus ad expellendum morbum ido¬

42.0 662.0 581.0 41.0 neis. Nimium certè fuit ille ſeuerus, & præter

41.0 695.0 583.0 39.0 æquitatem ac rationem. Æquior Chryſoſto. qui

41.0 727.0 580.0 42.0 & hîc ait Timotheum ad medicos remiſſum, nõ

41.0 760.0 578.0 41.0 autem miraculo curatum à Paulo: & in Homil.

40.0 792.0 577.0 43.0 14.in hanc epiſtolam de vita Monaſtica agens, v¬

37.0 824.0 582.0 43.0 ſum medicamentorũ Monachis, cùm eſt opus, nõ

37.0 857.0 584.0 43.0 adimit, ſed cõcedit: quanquã tamen rigidior eorũ

38.0 889.0 584.0 41.0 cenſor habitus eſt Chryſ. Sed Satan ſemel via ſu¬

42.0 923.0 579.0 40.0 perſtitionibus patefacta, eas in immenſum poſt¬

39.0 955.0 578.0 42.0 ea adauxit, & in iugum intolerabile tandem ag¬

39.0 988.0 580.0 45.0 gregauit ad torquendas hominum conſcientias.

75.0 1053.0 545.0 40.0 24 Quorundam hominum peccata an¬

37.0 1090.0 579.0 51.0 te manifesta ſunt, præeuntia damnationi:

37.0 1131.0 398.0 54.0 quoſdam verò ſubſequuntur:
