1000 1448
564.0 77.0 43.0 50.0 399

230.0 94.0 126.0 24.0 CAEVT

373.0 94.0 30.0 21.0 V.

37.0 106.0 576.0 50.0 ſcribunt & ſentiunt Scholaſtici: atque huius o¬

40.0 145.0 575.0 46.0 mnis excommunicationis vis in mortuo ad illius

39.0 176.0 573.0 47.0 nomen & doctrinam, non autem ad perſonam,

40.0 209.0 573.0 50.0 quæ iam nobiſcum non verſatur euitandam, per¬

38.0 244.0 81.0 32.0 tinet.

77.0 271.0 537.0 49.0 Ter verò an quater prius debeat moneri ex¬

41.0 307.0 575.0 47.0 communicandus, definiri certò non poteſt. Ex

39.0 341.0 577.0 45.0 rerum enim, & locorum circunſtantia hoc totũ

38.0 371.0 578.0 48.0 diiudicandum eſt. Quanquam quidam leges Ro¬

37.0 405.0 577.0 47.0 man.imit ati & ſequentes exiſtimãt, vt minimùm

37.0 438.0 580.0 45.0 bis monendos eſſe, qui excommunicari debebũt.

41.0 470.0 574.0 45.0 Ter autem admoneri eos ſatis eſſe putant, quia

36.0 504.0 577.0 44.0 trina denuntiatio facta ex iuris ciuilis regulis ſuf¬

34.0 535.0 579.0 45.0 ficit, & ſatis interpellat, vt quis cõtumax eſſe iu¬

37.0 567.0 576.0 43.0 dicetur. Afferunt Paulũ Tit.3.v.1o. & Theophy¬

33.0 597.0 579.0 45.0 lact.in Matth.18. Sed tota hæc quæſtio eſt facti, &

34.0 632.0 529.0 45.0 relinquenda prudentiæ ſenatus Eccleſiaſtici.

69.0 662.0 541.0 50.0 Sextum quæritur, quis excommunicationis ſit

35.0 697.0 576.0 46.0 finis, quem ſpectare debeamus. Ac multi quidẽ

34.0 730.0 576.0 47.0 ſpectari poſſunt, imprimis autem tres debent

33.0 761.0 576.0 49.0 obſeruari. Vnus eſt ipſius peccatoris ſanitas, id

32.0 793.0 578.0 50.0 eſt, excommunicatum, ipſiuſque ſalutem reſpicit

31.0 827.0 577.0 48.0 nempe vt hac ratione pudore afficiatur, atq; ab

32.0 859.0 574.0 46.0 errore reuocetur. Hunc finem annotat Paulus,

32.0 891.0 572.0 46.0 cùm ait, vt eum pudeat 2. Corinth.2. verſ.7.7.

32.0 923.0 576.0 49.0 verſ.12. Pudore enim ſolent homines ad reſipi¬

32.0 954.0 577.0 50.0 ſcentiam adduci. Hoc eſt quod alijs verbis dicit

32.0 988.0 575.0 48.0 Paulus vti 1. Corinth.5. verſ.5. ad interitum car¬

31.0 1020.0 576.0 49.0 nis & vitioſæ naturæ, quæ in nobis ineſt Neque

31.0 1056.0 575.0 46.0 tamen quòd homines vereri magnus ſit profe¬

30.0 1085.0 576.0 52.0 ctus, ſi ipſe per ſe ſpectetur: ſed ꝙ eſt optimus &

31.0 1120.0 573.0 47.0 maximè noſtrę naturę cõſentaneus modus pec¬

28.0 1152.0 576.0 57.0 catorum corrigendorum, pudor & verecundia
