1000 1448
242.0 104.0 178.0 24.0 CARVT V.

576.0 85.0 53.0 42.0 281

86.0 124.0 542.0 49.0 11 Porrò iuniores viduas recuſas post-

49.0 165.0 578.0 48.0 quamenim laſciuire cœperint aduerſus Chri¬

49.0 201.0 284.0 42.0 stum, nubere volunt.

82.0 250.0 545.0 42.0 Αʹντίθεσις eſt, ex qua ſuperior ſententia non

45.0 282.0 582.0 44.0 tantùm illuſtratur: ſed etiam probatur. Ex eo e¬

46.0 316.0 580.0 41.0 nim, quod ſubiicit Paulus, apparet, cur demum

45.0 348.0 581.0 42.0 ſexagenarias mulieres allegi voluerit & pręſcri¬

46.0 380.0 581.0 39.0 pſerit. Varia enim offendicula, quæ à iunioribus

46.0 412.0 582.0 38.0 oriuntur, id ſuaſerunt. Itaque non ea eſt cauſa

45.0 446.0 581.0 40.0 cur ſexagenariæ demum eligantur, ne diutius a¬

42.0 476.0 585.0 42.0 lantur diaconiſſæ ab Eccleſia: ſed ne ſcandalum

45.0 510.0 432.0 41.0 præbeant vitæ mutatione & laſciuia.

79.0 542.0 546.0 39.0 Vult autem vt recuſentur iuniores, etiamſi ſe

41.0 574.0 585.0 40.0 offerant, & paratæ ſint hoc munus acceptare: vel

43.0 607.0 584.0 42.0 etiam ſi aliâs idoneæ viderentur. Quod verò, ait

42.0 638.0 579.0 44.0 Paulus παραιτο͂, non eſt eo modo accipiendum,

45.0 672.0 578.0 42.0 quaſi in ſolius Timothei arbitrium totam hanc

41.0 704.0 578.0 40.0 electionem conferat, quam tum ex Preſbyterij,

41.0 736.0 580.0 45.0 tum ex totius. Eccleſiæ conſenſu fieri ſolitam eſſe

41.0 769.0 580.0 44.0 certum eſt: ſed ita loquitur Paulus, quòd paſtor

41.0 802.0 580.0 43.0 omnium Eccleſiæ actionum & electionum mo¬

39.0 835.0 581.0 44.0 derator eſt. Notandũ eſt autẽ, quòd viduas iunio¬

37.0 868.0 584.0 43.0 res tantùm recuſari & electas à munere diaconiſ¬

37.0 900.0 584.0 44.0 ſæ deponi ac reiici vult, etiamſi poſtea nubant:

37.0 933.0 588.0 44.0 non autem præcipit eas excommunicari & eiici

39.0 965.0 582.0 42.0 de Eccleſia: vel vſu & participatione Sacra¬

40.0 999.0 581.0 41.0 mentorum arceri & prohiberi, quemadmodum

39.0 1029.0 582.0 44.0 de Nonnis & Virginibus poſtea Synodis ineptiſ¬

37.0 1061.0 580.0 44.0 ſimis ſancitũ eſt. Atq; vtinã hæc Pauli moderatio

37.0 1094.0 587.0 42.0 ſemper in Eccleſia locum habuiſſet: ſed poſtea

35.0 1127.0 585.0 45.0 longius progreſſi ſunt Epiſcopi, maximè poſtquã

34.0 1161.0 582.0 54.0 nata eſt ſuperſtitioſa illa de cœlibatus merito &
