1000 1448
387.0 87.0 54.0 24.0 51

489.0 71.0 371.0 35.0 AD I. PAVL. AD TIM

385.0 102.0 574.0 44.0 quorum officium & munus in fine huius capitis

382.0 139.0 577.0 42.0 perſequitur & exponit ſigillatim. Quanquam a¬

381.0 170.0 577.0 42.0 liud ſentit Chryſoſtom. & ad ætatem refert, cui,

382.0 205.0 575.0 39.0 tanquam minus ad peccandum procliui, vult

382.0 234.0 576.0 43.0 parci, minúſq; facile aduerſus eam vel ſolã ipſam

380.0 267.0 578.0 41.0 accuſationem admitti. Sed hæc ratio Chryſoſt.

379.0 300.0 580.0 42.0 ſæpe quidem apparet falſiſſima cùm ſenes quoſ¬

382.0 332.0 576.0 38.0 dam videamus ad omne ſcelus propenſiſſimos.

413.0 365.0 545.0 42.0 Secundum igitur caput eſt. Quid de Preſbyte¬

378.0 397.0 581.0 41.0 ris hoc loco Paulus præcipiat. Reſp. Ne contra

378.0 431.0 579.0 37.0 eos vel ſola duntaxat accuſatio, citra duorum vel

378.0 461.0 580.0 40.0 trium teſtimonium, excipiatur vel à toto colle¬

380.0 493.0 577.0 43.0 gio Preſbyterorum, vel ab vno aliquo Preſbyte¬

377.0 527.0 580.0 40.0 ro, nedum vt condemnatio de ijs temere à quo¬

379.0 559.0 579.0 41.0 quam fiat. Quærunt autem, quid hoc nouo præ¬

376.0 590.0 578.0 42.0 cepto fuerit opus, & in Preſbyteris præſertim,

377.0 621.0 579.0 41.0 de quibus hîc aliquid ſpeciali' ſancire Paülus vi¬

376.0 655.0 576.0 40.0 detur, cùm in omni accuſatione hoc ipſum locũ

374.0 690.0 583.0 38.0 habere videatur. Nam Deut. 17.verſ.6. ſic ait lex

376.0 719.0 580.0 38.0 Ex ore duorum vel trium ſtabit & ratum erit

378.0 752.0 577.0 41.0 verbũ & accuſatio, quæ fiet de aliquo. Itaque hoc

378.0 786.0 576.0 40.0 ipſum tam leuis momenti quibuſdam hoc loco

377.0 818.0 579.0 38.0 viſum eſt, vt omnino delendum cenſerent, tan¬

377.0 850.0 578.0 41.0 quam inutile & ſuperuacaneum, cùm tamen ſin¬

377.0 882.0 577.0 41.0 gulare priuilegium, & à Deo ipſo paſtoribus &

376.0 916.0 578.0 38.0 Preſbyteris conceſſum contineat. Reſpon. igitur

374.0 945.0 580.0 44.0 aliud eſſe Accuſationẽ ipſam, aliud Iudiciũ, quod

374.0 979.0 580.0 41.0 de accuſato fit, continétque vel abſolutionem

376.0 1011.0 578.0 41.0 vel condemnationem rei à iudice factam. Iudi¬

375.0 1042.0 578.0 44.0 catio igitur ſiue ſentẽtia ſine teſtibus & legitimis

377.0 1076.0 576.0 41.0 probationibus in vniuerſum à nemine ficri de¬

377.0 1107.0 576.0 44.0 bet. Ac eò pertinet locus Deuter. 17. Accuſatio

378.0 1139.0 575.0 62.0 autem ipſa certè admitti ſine teſtibus à Iudice

916.0 1175.0 36.0 52.0 de
