1000 1448
378.0 103.0 50.0 28.0 372

471.0 82.0 396.0 38.0 AD I. FAVL. AD TIM.

403.0 112.0 552.0 55.0 Ratio huius ſeuerioris regulæ illis imponen¬

375.0 155.0 184.0 42.0 dæ fuit duplex.

403.0 178.0 552.0 52.0 Prima, quòd debent propter doctrinæ (quã

373.0 214.0 580.0 50.0 ardentius & purius profitentur quàm reliqui)

374.0 246.0 580.0 50.0 confirmationem & commendationem, quemad¬

375.0 279.0 579.0 48.0 modum diximus, in omnibus quæ non modo ho

374.0 311.0 580.0 47.0 neſta ſunt, ſed ſpeciem honeſti habent, præluce¬

374.0 346.0 580.0 45.0 re reliquo gregi. Itaque non modò omnem cra¬

376.0 377.0 582.0 49.0 pulam, luxum, laſciuiam fugere debent præpoſiti

376.0 412.0 580.0 42.0 Eccleſiæ, ſed vel ſolã illorum vitiorum vmbram

374.0 441.0 582.0 51.0 & ſpeciem, vt alios ſuo exemplo ædificent, cæle¬

374.0 475.0 584.0 49.0 ſtémque doctrinam commendent. Nam ſic vitia

374.0 507.0 583.0 47.0 aliorum liberius reprehendere poſſunt. Eſt enim

375.0 540.0 582.0 48.0 hæc & veriſſima & maximè notabilis Hierony-

374.0 572.0 584.0 47.0 mi ſententia, An non confuſio & ignominia eſt

375.0 602.0 584.0 52.0 Ieſum Chriſtum crucifixum & pauperem, & eſu¬

374.0 636.0 586.0 49.0 rientem fartis prædicare corporibus, & ieiunio¬

374.0 671.0 584.0 44.0 rum doctrinam rubentes buccas, tumẽtiáqueora

375.0 701.0 582.0 49.0 proferre? Si in Apoſtolorum loco ſumus, non ſo¬

374.0 735.0 584.0 46.0 Ium ſermonem eorum imitemur, ſed etiam con¬

377.0 769.0 581.0 46.0 uerſationem & abſtinentiam. Hæc Hierony¬

378.0 806.0 173.0 37.0 mus in Mich.

411.0 829.0 549.0 51.0 Secunda, quòd fere homines, quale eſt huma¬

378.0 864.0 581.0 49.0 num ingenium, iis rebus externis plurimùm tri¬

378.0 899.0 580.0 45.0 buunt à quibus ſi quis abſtinet, is & Dei timen¬

378.0 929.0 580.0 49.0 tior, & ſanctior à vulgo iudicatur. Coloſſ. 2.

377.0 968.0 83.0 40.0 in fin.

421.0 991.0 538.0 49.0 Tertia quoque ratio addi poteſt. Quòd etiam

382.0 1026.0 575.0 47.0 (quæ eſt noſtra vitioſitas & corruptela) in vſu re

375.0 1059.0 583.0 44.0 rum indifferentium nimium libero, minúſque

374.0 1090.0 584.0 48.0 ſeuero caro fit laſc iuior, & intemperantior, quã

373.0 1125.0 585.0 44.0 tamen contundere neceſſe eſt. Id quod fieri niſi

375.0 1160.0 583.0 50.0 rerum earum, etiam cõceſſarum, detractione ſæ

927.0 1191.0 27.0 43.0 pè
