1000 1448
364.0 105.0 64.0 37.0 628

481.0 90.0 374.0 43.0 AD I. PAVL. AD TIM.

366.0 122.0 577.0 61.0 feras, nihil faciens in alteram partem decli¬

366.0 178.0 107.0 38.0 nando.

395.0 213.0 549.0 54.0 Alius canon, qui tamen ex ſuperiori pendet. I¬

365.0 249.0 577.0 48.0 taque hic verſiculus eſt ἀκολέθησις. Cùm enim

365.0 282.0 577.0 47.0 de iudicio aduerſus Preſbyteros inſtituendo ſu¬

365.0 316.0 577.0 46.0 pra præceperit, docet, quale hoc iudicium eſſe

362.0 353.0 488.0 40.0 & fieri debeat, ne in iudicando peccetur.

395.0 382.0 547.0 41.0 Eſt autem huius canonis ſumma, ſummam in

365.0 412.0 577.0 49.0 Eccleſiaſticis iudiciis ſynceritatem adhibendam

363.0 446.0 578.0 47.0 eſſe, ne vel in perſonarum iudicandarum acce¬

363.0 481.0 578.0 45.0 ptatione, vel ipſius iudicãtis temeritate peccetur

365.0 513.0 575.0 44.0 Hoc autem præceptum quanquam à Paulo in ijs

363.0 543.0 576.0 45.0 iudicijs, quæ aduerſus Preſbyteros & Paſtores

363.0 577.0 577.0 43.0 Eccleſiæ exercentur traditum eſt, tamen in vni¬

362.0 607.0 576.0 46.0 uerſum ad omnia iudicia, ſiue politica, ſiue Ec¬

362.0 641.0 577.0 46.0 cleſiaſtica pertinet, de quocunque ſiue priuato,

362.0 677.0 577.0 42.0 ſiue ἠγρμένῳ illa fiant. Atque hunc canonem in o¬

361.0 704.0 578.0 48.0 mnibus Eccleſiaſticis iudicijs obtinere debere

362.0 737.0 578.0 46.0 præclarè traditum eſt à Theodorito lib. Hiſtor.

362.0 770.0 578.0 48.0 2.cap.16. & à Libero Rom. Epiſcopo reſponſum

361.0 806.0 577.0 40.0 aduerſus Conſtantii imperatoris minas Athana¬

359.0 836.0 582.0 47.0 ſium ex præiudicio quodam deponi pręcipientis.

363.0 870.0 575.0 46.0 Hoc idem etiam præceptum in politicis iudicijs

358.0 902.0 580.0 43.0 locum habere apparet ex 2. Chronic.19. verſ.6. a¬

360.0 935.0 578.0 43.0 deò vt maximi ſit vſus in omnibus rebus, sítque

360.0 966.0 578.0 45.0 ipſius iudicum conſcientiæ dirigendę tanquam

358.0 999.0 580.0 42.0 norma, vt rectè officium faciant. Nos tamen de

359.0 1031.0 580.0 44.0 Eccleſiaſticis tantùm iudicijs hîc agemus Pauli

360.0 1065.0 579.0 41.0 veſtigijs inſiſtentes. Non nudè autem, neque ſim¬

358.0 1095.0 580.0 44.0 pliciter hoc præcipit Paulus, ſed cũ obteſtatione,

358.0 1130.0 582.0 42.0 eáque grauiſſima, & terribili, quemadmodum

355.0 1160.0 584.0 53.0 loquitur Chryſoſt. Ratio autem huius obteſtatio¬

895.0 1192.0 45.0 51.0 nis
