1000 1448
464.0 87.0 386.0 42.0 AD I. PAVL. AD TIM.

361.0 102.0 62.0 32.0 432

356.0 117.0 583.0 55.0 ſcripturæ tamen lectionem ſpecialiter reſtringi

358.0 154.0 581.0 51.0 debet, quia non ſimpliciter hoc requirit à paſto¬

358.0 189.0 581.0 47.0 ribus Paulus, vt aliquid legant quodcunq; tandẽ

358.0 220.0 582.0 47.0 ſit, ſed vt facrum Dei verbum euoluant. Hanc

358.0 255.0 581.0 45.0 eſſe Pauli mentem apparet ex fine, propter quem

359.0 285.0 579.0 47.0 attendendum lectioni docet, nimirum vt paſtor

361.0 317.0 579.0 48.0 Doceat gregem ſuum, & Exhortetur, quæ ſunt

362.0 349.0 577.0 48.0 duæ muneris Eccleſiaſtici partes præcipuæ. Do¬

362.0 382.0 578.0 47.0 ctrina, tum in Verorum dogmatum traditione, &

361.0 415.0 578.0 45.0 Falſorum refutatione poſita eſt. Quorum neutrũ

362.0 447.0 580.0 47.0 nemo facere, niſi apprimè & abundè verbo Dei

360.0 479.0 582.0 47.0 inſtructus & diligenter in eo verſatus poteſt, cùm

362.0 510.0 578.0 47.0 ex eo vno fonte & veritas Dei fit haurienda, &

360.0 543.0 581.0 49.0 mendacium illis armis oppugnandum, illóque

362.0 579.0 444.0 42.0 gladio iugulandum Actor. 18.verſ.28.

393.0 606.0 548.0 48.0 Exhortatio eſt in Bene iam currentibus con¬

360.0 639.0 578.0 47.0 firmandis, Improborum acri reprehenſione: de¬

359.0 671.0 582.0 48.0 nique in frigidis excitandis. Illi autem ſtimuli:nõ

360.0 704.0 583.0 46.0 niſi ex Dei promiſſionibus & minis, addi poſ¬

362.0 738.0 580.0 44.0 ſunt. Hæc igitur omnia Dei verbo continentur,

362.0 769.0 580.0 43.0 quod idcirco & verſandum & meditandum eſt

360.0 800.0 581.0 49.0 diligenter. Ergo non ſatis eſt Epiſcopos & paſto¬

359.0 835.0 582.0 43.0 res quædam legere ( nam nec fabulas Poëtarum,

360.0 867.0 578.0 42.0 nec vanas & inutiles Philoſophorum ſcriptita¬

362.0 899.0 578.0 43.0 tiones terere debent, aut ijs immorari) ſed opor¬

362.0 930.0 578.0 43.0 tet eos Dei verbum ſcriptum aſſiduè contrecta¬

362.0 962.0 578.0 45.0 re. Vt autem ad Phariſæorum ſcripta & ſcholas

362.0 995.0 579.0 46.0 non remittit ſuum Timotheum Paulus, neque

362.0 1028.0 579.0 41.0 nos etiam ad Scholaſticorum & Sophiſtarũ Sor¬

362.0 1061.0 580.0 41.0 boniſtarum Academias reuocandi ſumus, vt veri

366.0 1092.0 575.0 44.0 Theologi euadamus: ſed ad ſacrum Dei ver¬

362.0 1125.0 559.0 45.0 bum & ad eos ſcholas, vbi illud purè docetur.

391.0 1156.0 549.0 54.0 Sic Paulus 2. Timoth.4. verſ.13. libros ſuos &

785.0 1189.0 157.0 51.0 membranas
