1000 1448
386.0 94.0 67.0 33.0 304

473.0 77.0 386.0 39.0 AD I. PAVL. AD TIM.

425.0 674.0 537.0 60.0 17 Qui benè præſunt Presbyteri, duplici

388.0 717.0 574.0 53.0 honore digni habentor: maximè qui la borãt

389.0 761.0 320.0 51.0 in ſermone & doctrina.

422.0 802.0 544.0 47.0 Πόεσβασς Trãſitio eſt. Tractat enim iam aliud

390.0 835.0 574.0 49.0 caput diſciplinæ & politiæ eccleſiaſticæ Paulus,

392.0 868.0 573.0 50.0 quod ad Miniſterij eccleſiaſtici munus equè per¬

391.0 900.0 573.0 50.0 tinet, atque ſuperior cura & diſputatio. Eſt au¬

392.0 931.0 575.0 49.0 cen noc caput de Presbyterorum, & eorum, qui

394.0 966.0 574.0 46.0 præſunt eccleſiæ munere id eſt, tum aliorum er¬

396.0 996.0 572.0 50.0 ga ipſos: tum eorum ipſorum erga ſeipſos: tum

395.0 1031.0 574.0 46.0 eorũdem etiam erga alios officio & cura in vni¬

393.0 1072.0 122.0 39.0 uerſum.

420.0 1092.0 551.0 51.0 Ac quidem de aliorum erga ipſos, & ipſorum

395.0 1128.0 576.0 45.0 cura erga ſeipſos, quid nimirum pręſtare inter ſe

397.0 1158.0 578.0 58.0 debeant, oſtendit Paulus vſque ad verſ.24. varióſ

379.0 108.0 573.0 60.0 bus ſeculis maximéque epiſcopi iubebantur illi

379.0 147.0 572.0 54.0 prouidere & proſpicere vt apparet ex variis Sy¬

379.0 181.0 573.0 50.0 nodotũ decretis & imprimis Synodo Chartag.4.

382.0 214.0 571.0 49.0 poſtea põtificij παρέπισηοποι, qui nihil omnino, ni

381.0 246.0 573.0 50.0 ſi ſuum lucrum ex eccleſia captant, totam hanc

382.0 277.0 572.0 52.0 pauperum curam neglexerunt, miniméque ad ſe

382.0 310.0 571.0 51.0 pertinere exiſtimarunt: ſed ipſi dona Viduis, pu¬

385.0 341.0 571.0 53.0 pillis, & aliis eccleſiæ Dei pauperibus deſtinata

383.0 375.0 572.0 52.0 ſacrilegè inuaſerunt. Quorum certè bonorũ ſunt

384.0 409.0 572.0 49.0 Deo rationem reddituri: atque ij omnes etiam,

385.0 440.0 572.0 49.0 qui in reformatis eccleſiis, bona, quæ ad paupe¬

384.0 472.0 572.0 51.0 res pertinent, hodie aliò transferunt, & ſibi pro¬

385.0 504.0 573.0 51.0 priisque commodis applicant. Quod faciunt.

386.0 536.0 572.0 49.0 nimium multi, imprimis aut Nobiles & Princi¬

390.0 567.0 569.0 50.0 pes Chriſtia. Quid autem de bonis eccleſiaſticis

386.0 600.0 573.0 58.0 ſit inter nos conſtituendum, vide Cal. epiſt. 372.

392.0 644.0 106.0 47.0 394.384.

923.0 1193.0 49.0 44.0 que
