1000 1448
364.0 105.0 84.0 31.0 290

455.0 94.0 390.0 39.0 AD I. PAVL. AD TIM.

362.0 118.0 576.0 58.0 Xenodochijs, & Ptochodochijs careret Eccleſia

361.0 157.0 579.0 52.0 poſtea pauperum numero decreſente & Ptocho¬

362.0 189.0 580.0 46.0 dochijs conſtiturtis, non fuerunt eædem Eccleſiis

362.0 222.0 581.0 49.0 neceſſariæ. Itaque neque ſunt hodie à nobis re¬

363.0 256.0 578.0 47.0 tinendæ, niſi eadem & par aliqua cauſa, qualis

362.0 287.0 576.0 46.0 illo ſeculo fuit, occurreret, & eas retinere ſuade¬

364.0 319.0 578.0 51.0 ret. Quæ cùm nulla ſit, ceſſante cauſa, ceſſet effe¬

364.0 353.0 579.0 44.0 ctus neceſſe eſt. Eodem modo videmus veteres

364.0 386.0 581.0 46.0 habuiſſe plures officiorum Eccleſiaſticorum

366.0 421.0 579.0 47.0 gradus (vti apparetex aliquot Synodis etiam quã¬

366.0 452.0 580.0 47.0 do adhuc erat tollerabilis Eccleſiæ forma) quàm

365.0 483.0 581.0 47.0 nunc habeamus. Itaque quemadmodum illæ

366.0 517.0 578.0 49.0 dignitates tanquam nobis inutiles hodie propter

365.0 548.0 580.0 47.0 diuerſam locorum rerum, & perſonarũ inter nos

366.0 580.0 579.0 46.0 & illos rationem exploſæ ſunt, & ceſſant, qualis

364.0 612.0 583.0 50.0 Subdiaconatus, Acolythatus, Archidiaconatus,

367.0 649.0 583.0 44.0 Archipreſbyteratus: ſic & hîc Diaconiſſarũ mu¬

366.0 674.0 584.0 51.0 Iierum or do deſijt, nullo prorſus detrimento vel

366.0 710.0 583.0 46.0 in doctrina, vel in diſciplina ipſa ab Eccleſia, ac¬

368.0 748.0 88.0 41.0 cepto.

396.0 771.0 554.0 53.0 Secunda verò quæſtio, quæ ad hunc quoque

367.0 808.0 583.0 43.0 locum maximè pertinet, eſt huiuſmodi. Vtrum

368.0 839.0 584.0 47.0 rectè à Papiſtis ſanctimoniales ſint in iſtarum

369.0 872.0 582.0 44.0 Diaconiſſarum, quas nullius iam eſſe in Eccleſia

368.0 906.0 584.0 44.0 vſus videbant, locum ſubſtitutæ: at que vtrum eo¬

368.0 936.0 583.0 48.0 rum conſilium & inſtitutum ſit probandum, &

369.0 970.0 581.0 46.0 ſequendum necne. Reſpond. Minimè id quidem,

370.0 1004.0 584.0 41.0 quia in eo ſtatu hominum & genere inſtituendo

369.0 1034.0 585.0 46.0 nihil niſi planè Satanicum, ſuperſtitioſum, & in

368.0 1065.0 585.0 47.0 Deum ipſum blaſphemum à Papiſtis inductum

369.0 1098.0 586.0 48.0 eſt. Primùm, quia cœlibatum illis ſuis ſanct imo¬

368.0 1129.0 589.0 51.0 nialibus tanquam legem ad vitam æternam aſſe¬

374.0 1164.0 580.0 57.0 quendam neceſſariam, & veriſſimæ ſanctitatis

860.0 1201.0 97.0 43.0 partem
