1000 1448
374.0 104.0 70.0 31.0 220

475.0 89.0 389.0 42.0 AD I. PAVL. AD TIM.

370.0 123.0 578.0 50.0 Francorum procerem prope Aurelianẽſem ciui¬

369.0 158.0 579.0 47.0 tatem cœnobium ſancti Benedicti condidiſſe, v¬

370.0 190.0 578.0 46.0 bi Maurus ipſius Benedicti diſcipulus, vt ait Sa¬

367.0 222.0 579.0 44.0 bell. Ennead. 8 lib 2. docuerit, & Floriacenũ Mo¬

370.0 254.0 579.0 48.0 naſterium adhuc hodie appellatur. Certè ab hoc

370.0 287.0 579.0 45.0 vitæ inſtituto prorſus nunc noſtri Monachi de¬

372.0 321.0 579.0 47.0 generarunt, quorum cœnobia, non ſunt literarũ

370.0 353.0 581.0 46.0 officinæ, ſed haræ porcorum, & paſcua hominũ

370.0 386.0 580.0 45.0 cantillando viuentium, more cicadarum. Ta¬

371.0 418.0 579.0 46.0 men poſtea vſurpatum eſt, vt pœnæ loco in Mo¬

373.0 449.0 579.0 45.0 naſteria detruderentur homines inertes, ſcelera¬

372.0 481.0 580.0 46.0 ti & immorigeri, & tonderentur, vt ex hiſtorijs

374.0 514.0 577.0 46.0 præſertim Francogallorum apparet, & Grego¬

374.0 551.0 183.0 40.0 rio Turonenſi.

375.0 575.0 579.0 50.0 Quis autem vſus fuerit iſtorum hominum variè

375.0 614.0 380.0 46.0 quæſitum eſt, quæ item regulæ.

404.0 642.0 550.0 49.0 Ac regulæ vt Nicephorus ait lib.9. cap. 14. hæ

372.0 677.0 582.0 46.0 primæ erant, vt omnia eſſent libera, votum au¬

374.0 707.0 580.0 49.0 tem perpetuum iſta profeſſio non haberet: adeò

374.0 743.0 583.0 43.0 vt nec ciborum, nec ieiuniorum certa tempora

374.0 773.0 584.0 46.0 & indicta eſſent, ſed quantum vellent ederent, &

374.0 807.0 583.0 45.0 biberent, & operarentur: item quando vellent,

374.0 838.0 582.0 47.0 ieiunarent. Atque ita Pachoimus primas regulas

377.0 869.0 581.0 48.0 inſtituerat. Sequuti ſunt alii qui reſtrinxerunt illã

374.0 901.0 582.0 48.0 libertatem. Ac primũ in veſtitu: poſt autẽ in cibis.

378.0 935.0 580.0 48.0 Qui primus autẽ inſtituta iſta ſcrupuloſius & mi¬

377.0 966.0 581.0 45.0 nutius vel explicaſſe vel tradidiſſe cẽſetur, eſt Ba¬

377.0 997.0 579.0 47.0 ſilius, ſiuecis eſt, qui Magnus dicitur: ſiue alius, eó¬

378.0 1032.0 584.0 46.0 que recentior. Ergo quoad habitum, cucullis ſunt

378.0 1062.0 583.0 46.0 vſi ſumpto more ab Ægyptiis Monachis, vt Caſ¬

378.0 1097.0 584.0 46.0 ſia. ſcribit. Melotis item.i. ouilibus veſtimentis,

378.0 1127.0 584.0 51.0 & vilibus pannis, Colobiis lineis ad imam vſque

381.0 1160.0 582.0 61.0 cubiti partem pertingentibus, vt expeditas ad

855.0 1196.0 107.0 48.0 operan¬
