1000 1448
390.0 102.0 62.0 17.0 400

484.0 90.0 385.0 36.0 AD I. PAVL. AD TIM.

419.0 118.0 546.0 50.0 Εξήγνσις, Rem enim ipſam & doctrinam illam

386.0 156.0 579.0 40.0 falſam iam explicat. Duas autem illius ſpecies e¬

387.0 189.0 577.0 38.0 numerat, nempe Ciborũ prohibitionem, & Cõ¬

388.0 221.0 576.0 43.0 iugij, ſiue quòd illæ tuncipræcpuè ſubnaſceren¬

387.0 254.0 575.0 42.0 tur:ſiue quòd primæ. Certè ex ijs duabus rebus

384.0 284.0 578.0 44.0 ſuperſtitioſè interdictis infinita poſtea aliarum

373.0 318.0 589.0 45.0 ſuperſtitionum ſcaturigo & congeries vel gene¬

384.0 352.0 577.0 40.0 ra ſunt nata, & inducta. Magno vero noſtro

382.0 382.0 580.0 44.0 bono explicatio harum hæreſcon & diabolicæ

382.0 412.0 578.0 46.0 doctrinæ à Paulo particularis addita eſt, ne vlli,

381.0 446.0 579.0 47.0 ac ne hæretici quidem ipſi, generalem illam falſæ

381.0 479.0 579.0 45.0 doctrinæ deſcriptionem à Paulo propoſitam à

379.0 513.0 576.0 45.0 ſe detorquere, & in alios torquere poſlent, eſſétq;

381.0 545.0 577.0 45.0 incertum, quinam hîc deſignarentur à Tiritu

378.0 577.0 580.0 44.0 ſancto. Huius autem prohibitionis meminit E¬

381.0 608.0 578.0 45.0 piphan. in Collyridianis, vbi etiam tertium ca¬

380.0 642.0 579.0 44.0 put addit, nempe Mortuorum adorationem ſiue

378.0 674.0 580.0 45.0 cultum. Meminit etiam Socrat.lib.2. cap. 43. Eu¬

376.0 703.0 293.0 46.0 ſeb.lib.5, Hiſtor. Eccleſ.

407.0 738.0 549.0 41.0 Hîc autem notandum eſt à Paulo non certas

376.0 770.0 580.0 46.0 quaſdam perſonas, ſed doctrinam potius ipſam

373.0 804.0 581.0 44.0 notari, quæ vel, In vniuerſum, vel In parte Cibos

377.0 836.0 580.0 44.0 & coniugia prohibet, atque in earú rerum abſti¬

374.0 870.0 580.0 43.0 nentia cultum Dei & partem pietatis atque ſan¬

374.0 900.0 580.0 46.0 ctitatis vitæ noſtræ conſtituit. Id quod prorſus

374.0 934.0 292.0 41.0 cum verbo Dei pugnat.

407.0 965.0 548.0 45.0 Ac plures ſunt ſectæ, quæ his Pauli verbis da¬

370.0 998.0 584.0 46.0 mnantur. Primùm, quæ in vniuerſum damnarunt

372.0 1032.0 579.0 45.0 ea quæ hîc commemorantur, & quæ nobis con¬

370.0 1064.0 577.0 47.0 ceſſa eſſe Deus voluit. Deinde, quæ non in totũ,

370.0 1096.0 580.0 44.0 ſed ex parte tantùm hæc ipſa prohibuerunt, de

369.0 1126.0 581.0 46.0 quibus & hîc doctiſſimè Cal. & nos in lib. Augu.

370.0 1160.0 582.0 51.0 de Hæreſ. ad Quodvultdeum diximus. Manichæi

872.0 1200.0 78.0 47.0 igitur
