1000 1448
210.0 102.0 217.0 25.0 CAPVT IIII.

575.0 74.0 47.0 52.0 189

38.0 118.0 586.0 55.0 igitur comprehenduntur, Encratitæ, Cataphry¬

41.0 154.0 584.0 52.0 ges, Montaniſtæ, qui omnes in hac parte Pytha¬

41.0 184.0 582.0 54.0 goreorum delirio faſcinati ſunt. Sed & Priſcillia¬

40.0 219.0 585.0 50.0 niſtæ quoque, vt ait Bernard.ſermo. 66. in Cant.

41.0 250.0 586.0 51.0 Deinde Papiſtæ ipſi, qui eadem iſta tantùm ex

43.0 283.0 581.0 53.0 parte, non autem in totum, vt illi priores hære¬

43.0 316.0 588.0 47.0 tici, damnarunt, quos hîc notat Paulus: quanquã

45.0 348.0 582.0 47.0 cibos omnes nemo vnquã prorſus & in totũ pro¬

44.0 382.0 585.0 49.0 hibuit, propterea quòd ſine his vita hæc corpo¬

44.0 412.0 586.0 49.0 ris ſuſtentari non poteſt. Sed ex cibis, alij negant

46.0 445.0 583.0 48.0 cõcedi Chriſtianis hominibus Carnes, vt Mani¬

45.0 476.0 586.0 52.0 chæi, alij vinũ, vt Encratitæ. Atq; hæ prohibitio¬

45.0 512.0 586.0 48.0 nes habent ſpeciem magnæ humilitatis & corpo¬

46.0 543.0 584.0 50.0 ris macerationis: ſed tamen cùm ſint ἐθελοθρη¬

46.0 573.0 586.0 48.0 σκείαι & Dei cultus in illis ſtatuatur, ſunt diaboli¬

48.0 607.0 583.0 51.0 cæ & in Deum ipſum blaſphemæ ſuperſtitiones,

49.0 639.0 582.0 50.0 quæ ſunt omnino ex Dei Eccleſia profligandæ,

49.0 671.0 584.0 52.0 vt docet Paulus Coloſſ2. & Tit.1. vbi de iiſdem

49.0 705.0 584.0 49.0 rebus agit. Ac de quadam ciborum differentia &

49.0 738.0 586.0 49.0 diſtinctione, non ea quidem, quæ poſtea ab hære¬

50.0 769.0 584.0 50.0 ticis & Papiſtis inuecta eſt, & de qua Paulus hîc

51.0 802.0 582.0 48.0 vaticinatur: ſed quæ ex Moſaica præceptione de¬

51.0 835.0 584.0 48.0 fendebatur, vt apparet Leuitic. 20.V.25. & Deut.

53.0 867.0 583.0 50.0 I4.iam tunc contentio & certamen erat in Dei

52.0 899.0 582.0 50.0 Eccleſia, vt docet Paulus Rom.14. verſ.3. 1.Cor.

54.0 933.0 579.0 47.0 ISrrernej, & 27. vt de futuro ſuper his rebus ma¬

53.0 965.0 584.0 50.0 iori errore, peſte ac pernicie periculoſiore

53.0 998.0 491.0 47.0 fuerit operæpretium Eccleſiam moneri.

88.0 1028.0 549.0 50.0 Neque verò quod inter deteſtandos hæreti¬

56.0 1061.0 581.0 49.0 cos hîc cenſentur, qui ciborum vſum prohibent,

56.0 1096.0 581.0 47.0 facit, vt ingluuies, crapula, luxus & intemperies

55.0 1127.0 583.0 51.0 probetur. Nam nec eò pertinet hęc prohibitio ci¬

57.0 1159.0 580.0 58.0 borũ vt ſobriè nõ viuatur:ſed vt ne in his rebus
