1000 1448
600.0 89.0 41.0 55.0 213

237.0 111.0 217.0 23.0 CARVT IIII.

61.0 127.0 580.0 51.0 tiam Monaſticas regulas A'Cηητηρίων nomine in¬

63.0 164.0 150.0 41.0 ſcripſerunt.

96.0 193.0 545.0 52.0 Μονάζον τες & Μοναχοι appellati ſunt, quòd vitæ

61.0 230.0 580.0 42.0 ſolitariæ genus elegiſſent, qui hoc modo viuere

62.0 263.0 579.0 43.0 inſtituiſſent. Μοναχὸν autem putant Canoniſtæ ex

61.0 296.0 580.0 43.0 can. Placuit S Agnoſcat 16. quæſt.1. dictum com¬

61.0 326.0 581.0 47.0 poſita voce, ἀπὸ το͂ μόνον & ἄχος. Quæ ſanè vera eſt

60.0 362.0 580.0 41.0 hoc tempore Monachorum etymologia. Sunt e¬

61.0 392.0 582.0 43.0 nim illi re vera vnica peſtis mundi, vt & ex veteri

63.0 426.0 580.0 42.0 quoque Epigrammate iampridem intelligeba¬

59.0 457.0 585.0 43.0 mus. Sed falluntur & Papæ & Papiſtæ & Mona¬

61.0 489.0 582.0 44.0 chi in nominis ſui etymo. Eſt enim ſyllaba xos

60.0 522.0 583.0 43.0 ἐπενθέ βς tantùm, ad vocem μόνος, à qua fit deriua¬

61.0 555.0 580.0 42.0 tio vocis huius, Μοναχὸς. Vnde & Moναχᾶ & Moναχο

61.0 586.0 580.0 44.0 & Μοναχῶς vocabula Græcis ſcriptoribus etiam

59.0 620.0 580.0 38.0 ante monachorũ exortũ defunctis vſitatiſsima.

61.0 650.0 581.0 47.0 Baſil de Trinitate agens quanq; perſonã Μοναχῶς

58.0 682.0 583.0 44.0 ἐκφωνεῖθς, id eſt ſe orſim pronuntiari dixit. Latinè

61.0 716.0 580.0 45.0 ipſi ſe Religioſos vocarunt, quaſi reliquus popu¬

60.0 748.0 581.0 45.0 lus Chriſtianus ſit irreligioſus. Item & Canoni¬

61.0 781.0 580.0 44.0 cos quoque & Regulares, & aliis nominibus ad

59.0 814.0 580.0 43.0 ſui commendationem. Sed & Mandritæ etiam

59.0 846.0 581.0 46.0 ſunt appellati à cauernis, quas iſti Troglodytæ

58.0 879.0 309.0 37.0 ſubibant, & vbi latebant.

88.0 909.0 554.0 46.0 Monachus quid ſit nondum perſpicuède fini¬

58.0 942.0 585.0 45.0 ri potuit, etſi variæ à varijs deſcriptiones tentatæ

58.0 976.0 584.0 43.0 ſunt. Neque enim ex veſtitu & profeſsionis ve¬

57.0 1007.0 584.0 45.0 ſtimento definiri poteſt, quia, vt vulgo dicitur, ve¬

58.0 1041.0 583.0 42.0 ſtitus non facit Monachum: & tale eſt monſtrum

60.0 1073.0 582.0 42.0 Monachus, vt vna forma non conſtet. Tandem

60.0 1104.0 584.0 45.0 definitum eſt, eſſe eum Monachum, qui hæc tria

60.0 1136.0 585.0 46.0 vota ſolenniter ſuſcepiſſet ſeruanda, Paupertatem

63.0 1171.0 583.0 50.0 Continentiam coniugij, & Obedientiam vni cui

463.0 1213.0 62.0 41.0 o.iij.
