1000 1448
362.0 90.0 489.0 36.0 402 AD I. PAVL. AD TIM.

358.0 119.0 575.0 48.0 pijs Chriſtianis data non priuat excommunica¬

356.0 156.0 578.0 42.0 tio excommunicatũ, qualis eſt donũ linguarum,

357.0 189.0 577.0 38.0 ſanationum, & alia huiuſmodi. Vnde priuantur

358.0 222.0 577.0 36.0 excommunicati vſu Sacramentorum, Cœnæ, &

359.0 252.0 576.0 44.0 Baptiſmi, ſi non fuerint adhuc baptizati, quan¬

359.0 286.0 575.0 40.0 quam nondum baptizatos excommunicari mo¬

357.0 316.0 575.0 41.0 ris non fuit, quia nondũin Eccleſia eſſe huiuſmo¬

358.0 351.0 576.0 38.0 di cenſentur.i. qui baptizati nõ ſunt, etſi iam Ca¬

358.0 383.0 575.0 40.0 techumeni fuerunt, & tempus catecheſeos im¬

358.0 415.0 577.0 41.0 pleuerunt. Auguſtinus lib. 11. de Geneſi ad liter.

358.0 447.0 575.0 39.0 cap.4o. Solent, ait, in hoc paradiſo, id eſt, Eccle¬

358.0 481.0 573.0 37.0 ſia à Sacramentis altaris viſibilibus homines ex¬

358.0 514.0 576.0 34.0 communicati diſciplina Eccleſiaſtica remoueri.

388.0 546.0 545.0 34.0 De filio excommunicati quæritur, vtrum ba¬

360.0 579.0 571.0 38.0 ptizari poſſit, ſi pater maneat obſtinatus, neque

358.0 608.0 574.0 40.0 ſatagat & curet Eccleſiæ reconciliari. Reſpon.

358.0 641.0 576.0 41.0 Etſi dubia & agitata fuit hæc quæſtio, in qua in

358.0 674.0 576.0 39.0 diuerſas alij ab alijs ſententias iuerunt, ex Augu¬

357.0 703.0 577.0 44.0 ſtino tamẽ lib.2. de Adulter. coniugijs & lib.con¬

358.0 740.0 576.0 41.0 tra Parmenia. ſatis intelligitur etiam eſſe bapti¬

360.0 771.0 573.0 42.0 zandos excommunicatorum filios, quia filius nõ

362.0 805.0 570.0 41.0 debet portare iniquitatem patris: & in ipſo ex¬

359.0 838.0 573.0 40.0 communicato baptiſmi character nõ eſt per ex¬

358.0 869.0 576.0 39.0 communicationem deletus, etſi vis eius nulla eſt

358.0 901.0 574.0 40.0 in excommunicato, quandiu quidem in ſuo ſce¬

358.0 931.0 573.0 43.0 lere manet obſtinatus. Vide de hac quæſt. Cal.

360.0 966.0 573.0 40.0 epi. 136. & Bezæ epi.1o. Sed quæſitum eſt, vtrum

358.0 998.0 572.0 40.0 excommunicatio arceat excommunicatum ipſo

357.0 1028.0 573.0 38.0 ingreſſu & aditu Eccleſiæ, vt is ne in cœtum qui¬

359.0 1061.0 570.0 41.0 dem admitti debeat, vt audiat Dei verbum. Pu¬

356.0 1093.0 578.0 41.0 tant Scholaſtici arcendum, adeò vt in regno in¬

353.0 1125.0 577.0 41.0 terdicto iuſtè nolint ſacral fieri & celebrari

352.0 1157.0 577.0 44.0 publicè & aſſa voce. Irenæus lib.2. cap.4. ſcribit

350.0 1192.0 576.0 46.0 Cerdonem hæreticum, poſtquam excommuni¬

852.0 99.0 18.0 21.0 e
