1000 1448
377.0 93.0 50.0 24.0 310

481.0 80.0 384.0 37.0 AD I. FAVL. AD TIM.

370.0 110.0 578.0 48.0 Nos cibis poſſe abſtinere triplici de cauſa vel ex

368.0 147.0 578.0 42.0 medicorum præceptis, quod non reprehenditur,

366.0 179.0 580.0 40.0 ſi tamen nimia non ſit cura corporis: vel ex regu

366.0 211.0 579.0 42.0 lis abſtinentiæ, vt mortificetur caro, quod etiam

365.0 242.0 579.0 45.0 ſi ſine ſuperſtitione fiat laudandum eſt: vel ex in¬

366.0 276.0 577.0 41.0 ſania hæreticorum, quod eſt omnino damnan¬

370.0 306.0 574.0 46.0 dum. Et in epiſtola ad Coloſſ idem Chryſoſto.

365.0 341.0 580.0 43.0 Deus, ait, corpori honorem ſuum contribuit, ipſi

367.0 373.0 578.0 43.0 verò (de nimium abſtinentibus loquens) non cũ

364.0 407.0 578.0 43.0 honore vtuntur corpore. Denique concilio Gã¬

365.0 439.0 576.0 44.0 grenſi, quod vicinum fuit primo Niceno, nimia

363.0 472.0 578.0 40.0 iſta abſtinẽtia, & ſi quavis in ea ponatur eſt graui¬

361.0 503.0 575.0 45.0 ter reprehenſa. Quod verò ſcribit Gregor. Mag.

363.0 535.0 577.0 44.0 pios à licitis rebus ferè abſtinere, vel vt ſibi me¬

360.0 570.0 580.0 43.0 rita apud Deum omnipotentem augeant, vel vt

358.0 601.0 580.0 44.0 culpas vitæ anteactæ deleant, sítque hæc abſti¬

360.0 634.0 578.0 44.0 nentia pro pœna, eſt falſiſſimum, etſi probatur

359.0 668.0 312.0 39.0 cano. Sunt qui 27.quæſt.2.

389.0 697.0 548.0 46.0 Secundus finis expreſſus eſt ſæpe à Paulo in

358.0 732.0 580.0 43.0 epiſtolis, præſertim in ea, quæ eſt ad Romanos

358.0 765.0 577.0 41.0 cap.14, & 15. 1. ad Corinthios 9. atque etiam in

358.0 796.0 577.0 44.0 Actor. ca.15. à Synodo Hieroſolymitana. Propter

357.0 829.0 578.0 43.0 ædiſicationem enim infirmorum, qui non pote¬

357.0 862.0 572.0 38.0 rant videri peccare malitia, ſed nuda tantùm i¬

357.0 894.0 576.0 41.0 gnorantia, Paulus ſe omnia omnibus factum eſſe

358.0 925.0 576.0 44.0 dicit: & iubent Apoſtoli collecti quibuſdam ci¬

356.0 956.0 545.0 43.0 bis Chriſtianos abſtinere ob eandem cauſam.

387.0 990.0 547.0 46.0 Alterum caput huius diſputationis eſt de re¬

353.0 1021.0 580.0 48.0 bus, quibus abſtinere ſolerent veteres, & nunc

354.0 1055.0 591.0 45.0 debeamus ipſi abſtinere. In quo nullum eſt præ¬

351.0 1086.0 579.0 42.0 ceptum diſertè ab ipſo Dei verbo poſitum: ſed

350.0 1118.0 579.0 46.0 debet quiſque ijs cibis abſtinere, quibus libidi¬

347.0 1151.0 581.0 55.0 nem in ſeſe maximè vel accendi, vel excitari ſen¬

884.0 1191.0 41.0 40.0 tit
