1000 1448
360.0 104.0 51.0 30.0 338

461.0 90.0 378.0 36.0 AD I. PAVL. AD TIM.

379.0 119.0 549.0 47.0 Animus autem eligentium erit ſyncerus, ſi

347.0 156.0 579.0 45.0 neque Auaritia (Bracarenſi Synodo 3. cap.6.) Fa¬

349.0 190.0 578.0 39.0 uore, Ambitione, vi & armis & carnali aliquo

347.0 220.0 581.0 43.0 affectu ad electionem progrediãtur, vel impellã¬

347.0 253.0 580.0 39.0 tur qui ferunt ſuffragia: ſed ſolam Dei gloriam, &

346.0 287.0 577.0 40.0 Eccleſiæ vocantis ædificationem ſpectent, ſibíq;

348.0 320.0 406.0 41.0 pro ſcopo verè animo proponant.

378.0 348.0 544.0 39.0 Ieiunium etiam publicè indici ſolitum fuiſſe,

345.0 382.0 577.0 40.0 cùm fiebat aliqua Eccleſiaſtica electio, teſtatur

346.0 416.0 577.0 40.0 Bernard.epiſtola 202. Et certè quatuor illa tem¬

349.0 450.0 574.0 42.0 pora, quæ dicuntur in Papatu (quibus publicum

338.0 482.0 585.0 41.0 ieiunium toti Eccleſiæ indictum eſt) erant eæ an¬

345.0 513.0 576.0 42.0 ni tempeſtate, squibus paſſim & publicè in to¬

342.0 545.0 581.0 42.0 ta Eccleſia electiones Eccleſiaſticorum munerũ

344.0 578.0 577.0 43.0 celebrari cum precibus & ieiunio ſolebant. Ap¬

341.0 609.0 580.0 43.0 paret ex can. Ordinationes diſt. 75. atq; etiã ex

341.0 640.0 582.0 46.0 eo quod clericis adhuc hodie in Papatu Epiſcopi

339.0 675.0 582.0 44.0 ordines quos vocant conferunt illo tẽpore, quic¬

341.0 705.0 578.0 43.0 quid aliter Leo, & Calixtus ſentiant & ſcribant,

340.0 740.0 579.0 40.0 in canone Ieiunium & cano. Huius obſeruantiæ

341.0 771.0 140.0 43.0 diſtinct.76.

387.0 800.0 530.0 47.0 Poſt Presbyterij electionem & populi ap¬

339.0 834.0 578.0 46.0 probationem, olim quidem (vt ex Cypria. lib.2.

340.0 868.0 577.0 44.0 epiſtola II. apparet) qui electus fuerat publico

338.0 899.0 579.0 44.0 ſcripto propoſito publicè ſignificabatur, vt ſi

340.0 933.0 576.0 42.0 quod eſſet impedimentum, quod obiici poſſet,

337.0 964.0 580.0 43.0 intelligeretur. Hoc malè prætermiſſum eſt hoc

338.0 996.0 577.0 44.0 tẽpore. Poſt talem igitur electionem ordinatio

337.0 1029.0 580.0 40.0 ſiue confirmatio, ſiue manuum impoſitio fieri

337.0 1061.0 579.0 40.0 ſolebat electo. His enim tot nominibus vna res

339.0 1094.0 415.0 41.0 & eademappellata eſt à veteribus.

367.0 1123.0 548.0 42.0 Eſt autem ordinatio hæc ipſius electæ atque

334.0 1158.0 579.0 50.0 approbatæ perſonæ in munus illud, ad quod ido¬
