1000 1448
361.0 104.0 71.0 27.0 400

481.0 89.0 392.0 38.0 AD I. PAVL. AD TIM.

358.0 123.0 577.0 43.0 dera, iura, & commercia tantùm pertineat. Id

358.0 158.0 578.0 39.0 quod ſatis docet & interpretatur Paulus 1. Cori.

359.0 191.0 575.0 39.0 5.verſ.11. voce σωεθίεη. Ratio eſt, quia hac voce &

358.0 222.0 576.0 41.0 prohibitione Paulus non damnat publica com¬

356.0 254.0 577.0 42.0 mercia, quæ cum ijs neceſſariò fiunt, quale eſt ab

353.0 286.0 580.0 43.0 ijs emere, conducere, ſtipulari, & reliqua huiuſ¬

356.0 320.0 576.0 37.0 modi. Nec item vetat, ſi cuius mercis ſocietas

353.0 353.0 581.0 41.0 antea cum ijs contracta fuerit, fidem ijs datam

353.0 386.0 579.0 41.0 ſeruare, & in eo contractu manere: ſed vetat fa¬

353.0 417.0 579.0 46.0 miliares nos ijs eſſe, ne eos in peccatis obſtina¬

354.0 451.0 221.0 38.0 tiores reddamus.

390.0 481.0 541.0 44.0 Vnde quæſitum eſt, vtrum quæ ex Dei præce¬

352.0 515.0 580.0 42.0 to priuatim quiſque alteri, pro vocationis vario

353.0 547.0 578.0 42.0 genere debet, excõmunicatis præſtare teneamur:

353.0 578.0 578.0 43.0 veluti vtrum ſubditi principi ſuo excõmunicato

351.0 612.0 579.0 42.0 parere, teneantur, vxor marito, filius patri, ſeruus

352.0 643.0 579.0 43.0 domino. Papiſtæ non putant eis hæc officia præ¬

349.0 674.0 581.0 44.0 ſtanda eſſe, ſed bona conſcientia denegari & poſ¬

350.0 707.0 580.0 42.0 ſe & debere obſequium huiuſmodi excommuni¬

349.0 741.0 580.0 40.0 catis volunt, quaſi ſoluta ſint vincula ſubiectio¬

351.0 773.0 578.0 43.0 nis & iuriſiurandi propter contumaciam princi¬

350.0 807.0 580.0 37.0 pis in ſuũ ipſius principem, & eum quidem ſum¬

349.0 839.0 581.0 37.0 mum, id eſt, Deum, vt quemadmodum ille non

349.0 871.0 579.0 41.0 paret Deo:ita neque ſubditi ipſi principi ſuo cõ¬

347.0 903.0 580.0 39.0 tumaci in Deum & excommunicato parere te¬

346.0 933.0 582.0 45.0 neantur. Falſa eſt hæc ſententia, & omnino impia

348.0 967.0 579.0 41.0 & blaſphema. Primum enim per excommunica¬

346.0 997.0 578.0 44.0 tionem non tolluntur iura naturæ & ſanguinis,

347.0 1031.0 578.0 43.0 veluti cognationum & affinitatum : ergo filius

347.0 1063.0 578.0 41.0 manet filius patris etiam excommunicati, vxor

347.0 1096.0 550.0 41.0 manet vxor: cognati manent illius cognati.

374.0 1127.0 548.0 44.0 Deinde non tolluntur iura & officia humani¬

339.0 1160.0 583.0 53.0 tatis per eandem pœnam.Itaque excommunica¬

884.0 1199.0 41.0 43.0 tis
