1000 1448
481.0 92.0 379.0 40.0 AD I. PAVL. AD TIM.

368.0 103.0 66.0 33.0 180

364.0 124.0 586.0 47.0 explicatur ferè in articulo, Sedet ad dexteram

362.0 160.0 584.0 44.0 Dei Patris quæ cùm ſit ex Catechiſmis notiſſima,

363.0 193.0 584.0 45.0 & ab alijs copioſiſſimè explicata, maximè pro¬

365.0 225.0 582.0 43.0 pter infœlices iſtas de Cœna Domini cõtrouer¬

363.0 258.0 583.0 45.0 ſias, & de vbiquitate corporis Chriſti, idcirco nos

364.0 293.0 553.0 39.0 eam hîc omittimus. Studemus enim breuitati.

555.0 415.0 206.0 45.0 CAP. IIII.

481.0 455.0 463.0 46.0 PIRITVS autẽ diſertè dicit fore

481.0 495.0 464.0 53.0 vt posterioribus temporibus deſci¬

370.0 537.0 575.0 49.0 SSs ſcant quidam à fide, ſpiritibus dece¬

362.0 575.0 580.0 46.0 ptoribus attendentes, ac doctrinis dæmonio¬

363.0 617.0 83.0 36.0 rum.

399.0 645.0 545.0 45.0 Tranſitio eſt, per quam à contrario ſuperiorẽ

361.0 678.0 581.0 38.0 doctrinam non tantùm illuſtrat: ſed etiam con¬

361.0 711.0 581.0 37.0 firmat & commendat, ne verbi Dei præcones ſe¬

363.0 745.0 579.0 40.0 gnes ſint in ea tuenda & conſeruanda, cùm ali¬

363.0 777.0 578.0 39.0 quando futurum eſſe audiant, vt miſerè corrum¬

362.0 810.0 579.0 41.0 patur & labefactetur, peſſimæque ſuperſtitiones

362.0 843.0 578.0 41.0 pro ea in Eccleſiam inducantur. Similis locus &

362.0 876.0 579.0 41.0 admonitio fit à Paulo Actor.2o. verſ29. à Ioanne

359.0 906.0 579.0 42.0 1. Epiſt.2.verſ.19. à Petro 2. Epiſt.3.verſ.3. & à Iu¬

358.0 939.0 580.0 44.0 da Thaddęo Apoſtolo, vt apparet ex ipſius Epiſt.

359.0 973.0 580.0 39.0 verſ.4. Neque eò magis terreri debemus: quòd

357.0 1003.0 581.0 42.0 fit à pluribus iſta admonitio: ſed potiùs eò dili¬

358.0 1036.0 580.0 41.0 gentiùs cauere nobis, & proſpicere ne decipia¬

357.0 1069.0 580.0 39.0 mur: minúſque offendamur oportet, cùm huiuſ¬

355.0 1103.0 581.0 40.0 modi hæreſes obrepunt, quas fore iampridem

355.0 1132.0 293.0 44.0 ſpiritus Dei prædixerat.

384.0 1166.0 548.0 57.0 Duo verò quædam præcipuè ſunt hîc obſer¬

417.0 359.0 33.0 62.0 18

845.0 1200.0 86.0 54.0 uanda
