1000 1448
269.0 112.0 131.0 21.0 CAPVT

409.0 112.0 40.0 22.0 Ve

596.0 97.0 50.0 34.0 261

64.0 131.0 581.0 50.0 tio, &reliqua huiuſmodi pietatis & charitatis ve¬

64.0 169.0 336.0 36.0 riſsima officia & exercitia.

98.0 200.0 546.0 45.0 Neque tamen cùm hæc officia à viduis requi¬

63.0 232.0 583.0 43.0 rit Paulus, ab iiſdem reliquos homines & mulie¬

64.0 267.0 579.0 45.0 res, veluti coniuges, excuſat: ſed ex comparatio¬

64.0 302.0 581.0 39.0 ne, quæ etiam verſiculo proximo ſequitur, docet,

65.0 331.0 576.0 43.0 quod ſit potiſsimum viduarum mulierum, quæ

63.0 362.0 579.0 41.0 ſolæ ſunt atque ſine familia, iuſtum ſtudium ac

63.0 398.0 582.0 38.0 exercitium. Neque etiam hoc loco vlli verborũ

62.0 428.0 581.0 40.0 demur murationi, quãtunuis aſsiduæ, Paulus pie¬

63.0 462.0 586.0 39.0 tatem alligat, ſed ex opere externo, quæ ſit inter¬

61.0 493.0 585.0 43.0 na fides & pietas, & vt deprehendi poſsit, ſolùm

61.0 526.0 582.0 41.0 demonſtrat. Nam poteſt in ea ipſa aſsiduitate

61.0 556.0 581.0 44.0 precandi ineſſe damnabilis ſuperſtitio, quam nõ

62.0 590.0 579.0 41.0 probaret certè quidem Paulus, quales quædam

62.0 622.0 583.0 41.0 mulierculæ cerauntur maximè in Papatu, quæ

61.0 654.0 585.0 42.0 omnes aras atque omnia templa quotidie cir¬

63.0 687.0 583.0 39.0 cumeunt, tanquam in iis Deus habitet, aut cola¬

61.0 719.0 581.0 41.0 tur ſanctius: aut etiam ipſo precum & vocum re¬

61.0 752.0 581.0 41.0 petito numero delectetur, contra Domini noſtri

61.0 784.0 580.0 42.0 Ieſu Chriſti ſententiam Matth. 6. verſ.7. Itaque

61.0 816.0 583.0 43.0 res ſuas domeſticas, curàmque familiæ & mariti

61.0 849.0 580.0 43.0 præter officium deſerunt. Quid de iis dicam, qui

60.0 882.0 583.0 38.0 coniuges cùm ſint, etiam in Ieſuitarum, id eſt,

61.0 916.0 583.0 41.0 peſsimorum idololatrarum ordinem, inuitis ma¬

61.0 947.0 299.0 38.0 ritis, cooptari ſe volunt?

90.0 976.0 548.0 44.0 Obſtat item quod in Actis Apoſtolorum 9.v.

63.0 1012.0 581.0 39.0 39. affertur, vbi alia viduæ Chriſtianæ exercitia

61.0 1044.0 580.0 39.0 deſcribuntur, nempe opera manuum, labores

61.0 1077.0 580.0 40.0 corporis, qualia ſunt nere, ſuere, ſarcire & cæ¬

61.0 1108.0 581.0 39.0 tera huiuſmodi, quæ magnam humanæ ſocietati

61.0 1142.0 581.0 41.0 commoditatem afferunt. Reſpond. vtrunque re¬

60.0 1172.0 586.0 48.0 ctè inter ſe conuenire & conſentire. Nempe Deï

476.0 1206.0 58.0 46.0 r.iij.
