1000 1448
594.0 90.0 47.0 59.0 228

233.0 106.0 217.0 23.0 CAPVT IIII.

60.0 123.0 581.0 53.0 Spiritus ſanctus & ſeq. verſiculo. Quæ ſit autem

60.0 163.0 582.0 46.0 ſententia huius orationis ſuprà cap.1.V.15. fuſius

61.0 197.0 160.0 41.0 ex poſuimus.

98.0 233.0 539.0 54.0 10 Nam idcirco etiam fatigamur, &

60.0 275.0 583.0 52.0 probris afficimur, quòd ſperemus in Deo vi¬

61.0 316.0 579.0 46.0 uo, qui eſt conſeruator omnium hominum,

59.0 353.0 326.0 43.0 maximè verò fidelium.

91.0 387.0 550.0 46.0 Occupatio eſt, quæ per digreſſionem iniecta

58.0 420.0 582.0 45.0 eſt, ne ſuperior illa pietatis commendatio falſa

57.0 453.0 584.0 43.0 eſſe cenſeatur, propter varios rerum euentus &

58.0 485.0 582.0 45.0 duram piorum ſortem, quæ in hoc mundo pror¬

56.0 516.0 581.0 47.0 ſus miſera eſſe apparet & afflicta, tum in corpore

58.0 549.0 579.0 46.0 ipſo, tũ in honore. Reſpondet autẽ & negat eam

57.0 581.0 580.0 45.0 ſortem Paulus propterea eſſe miſeram & infeli¬

56.0 614.0 579.0 46.0 cem exiſtimandam, ídque reſpond propter Cau¬

56.0 645.0 578.0 50.0 ſam propter quam patiuntur, pij: & Exitum, qui

57.0 680.0 578.0 44.0 cernitur, & inde ſperatur. Acfinis ſiue cauſa,

58.0 711.0 575.0 46.0 propter quam pii affliguntur, præclariſsima eſt.

56.0 741.0 579.0 48.0 Eſt enim pietas & ipſa doctrina cœleſtis, & ſpes

55.0 777.0 521.0 42.0 in Deo viuo, non in idolis, qua nihil melius.

84.0 808.0 550.0 45.0 Exitus etiam lætus & felix eſt. Id quod pro¬

54.0 841.0 579.0 45.0 bat argumento ſumpto à minori ad maius. Deus

54.0 874.0 579.0 44.0 enim, qui omnium hominũ eſt conſeruator, mul¬

55.0 905.0 577.0 44.0 tò maximè ſuorum & fideliũ cuſtos eſt & libera¬

54.0 938.0 580.0 41.0 tor. Hæc eſt ſumma totius uoctrinæ I'auli. Diſpu¬

54.0 971.0 579.0 45.0 tat Chryſoſt. atque ambigit, vtrum vox συτὴρ hoc

55.0 1003.0 576.0 44.0 loco referri ad vitam, & ſalutem æternã debeat.

56.0 1034.0 577.0 44.0 Sed hîc non poteſt. Neque enim omnes homi¬

55.0 1069.0 577.0 40.0 nes vitam æternam conſequuntur, ſed ſoli fide¬

55.0 1098.0 578.0 45.0 les, quanquam tamẽ omnium eſt cuſtos, conſer¬

59.0 1132.0 574.0 45.0 uator, & benefactor Deus, vt eſt Pſ.36. quatenus

57.0 1166.0 573.0 52.0 nempe omnium hominum eſt creator & opifex.

485.0 1202.0 37.0 56.0 P3
