1000 1448
365.0 102.0 54.0 23.0 Jle

470.0 90.0 375.0 36.0 AD I. PAVL. AD TIM.

362.0 119.0 573.0 46.0 hendendos eſſe qui peccant, quàm hîc Paulus iu¬

358.0 156.0 579.0 37.0 beat, nimirũ inter nos & illos ſolũ. Reſ.Illud Chri

356.0 189.0 581.0 41.0 ſti dictũ de priuatis offenſis intelligendum eſſe,

358.0 222.0 579.0 39.0 nimirum cùm nos priuatim læſi ſumus, necdum

357.0 253.0 577.0 39.0 offenſio publicè innotuit. Hoc autem delictum,

358.0 285.0 578.0 42.0 quod publicè docet arguendum Paulus, eſt pu¬

358.0 319.0 578.0 41.0 blicum. Nec enim niſi propter publica aut publi¬

358.0 353.0 579.0 37.0 cè nota crimina vel peccata reprehendi in cœtu

354.0 382.0 580.0 42.0 Eccleſiæ quiſquam debet, ſiue is ſit paſtor & Pre¬

356.0 418.0 580.0 38.0 sbyter, ſiue priuatus. Atque ita hunc locum ex¬

357.0 450.0 574.0 39.0 plicat Auguſtinus, nempe de peccatis Presbyte¬

353.0 481.0 580.0 42.0 rorum, quæ non latent, ſed publica ſunt. De Cor¬

354.0 516.0 580.0 41.0 rept. & Grat. cap. 16. cuius ſententiæ planè aſ¬

355.0 547.0 103.0 38.0 ſentior.

385.0 573.0 549.0 45.0 2 Obiicitur, peccata quę occulta eſſe opor¬

355.0 610.0 579.0 39.0 tuit, nota fieri hac ratione. Id quod & ab officio

353.0 641.0 578.0 42.0 hominis Chriſtiani alienum eſt, & pugnat cum

349.0 677.0 586.0 38.0 ædificatione Eccleſię, ac illa veneratione, quæ de¬

349.0 706.0 585.0 43.0 ferenda eſt præfectis noſtris. Reſpond. Ea tãtùm

349.0 740.0 584.0 42.0 argui publicè ex hoc Pauli præcepto poſſe, quæ

350.0 773.0 582.0 41.0 publicè nota ſunt: non autem quæ occulta ſunt,

352.0 806.0 579.0 40.0 quæque celari, & ad cæterorum ædificationem

352.0 836.0 580.0 39.0 tegi oportet, vt in exemplo Petri à ſe publicè in

352.0 869.0 579.0 41.0 Eccleſia reprehenſi apparet Galat. 2. verſ.14. In

349.0 901.0 582.0 41.0 ſumma omnino diſciplina aliqua Eccleſiaſtica o¬

350.0 932.0 580.0 43.0 pus eſt in Eccleſia Dei, ſi modò hominum effræ¬

349.0 968.0 582.0 37.0 nem licentiam coerceri, & morum ſanctorum

349.0 998.0 581.0 40.0 neruum aliquem, atque vinculum inter nos reti¬

349.0 1029.0 581.0 40.0 neri volumus. Id quod, etſi veriſſimum eſt, Do¬

349.0 1061.0 581.0 41.0 ctoris tamen eximii, & primarii D. Ro. Gualteri

351.0 1093.0 575.0 43.0 verbis potius, quàm meis intelligi malo, qui in

350.0 1127.0 575.0 39.0 præfatione doctiſſimorũ illorum ſuorum in Ga¬

352.0 1160.0 570.0 52.0 latas commentariorum ita ſcribit. Quare, ait,

818.0 1192.0 104.0 46.0 Eccleſuis
