1000 1448
585.0 91.0 48.0 53.0 265

225.0 110.0 166.0 26.0 CAPVT V.

54.0 129.0 578.0 52.0 re Chriſtianũ quemlibet, ſiue marẽ, ſiue fœ minã

55.0 166.0 577.0 47.0 longe ſanctiori viuendi ratione omnibus innoteſ

54.0 198.0 579.0 46.0 cere, quàm infideles homines ſoieant: adeò vt

55.0 230.0 576.0 47.0 quæcunque vel honeſtas ipſa, vel iuſtitiæ & pieta¬

53.0 263.0 576.0 45.0 tis leges poſtulant, ea lubentiſſimè omnia præ¬

53.0 294.0 577.0 48.0 ſtare ſtudeat. Sic Chriſtus Math.5.verſ.46. Nã ſi

53.0 328.0 574.0 46.0 dilexeritis, eos qui diligunt vos, quã mercedem

50.0 359.0 578.0 46.0 habebitis, nonne publicani hæc faciunt. Eſt etiã

49.0 393.0 578.0 43.0 huius hypotheſeos & ſententiæ ratio apertiſſima

49.0 424.0 577.0 44.0 ex definitione Chriſtiani viri, & Chriſtianæ do¬

49.0 457.0 576.0 45.0 ctrinæ ſiue religionis. Eſt enim vir Chriſtianus,

49.0 491.0 576.0 45.0 qui cæteris hominibus vitæ ſanctioris facem in

46.0 521.0 577.0 42.0 omnibus præfert. Math.5. Eſt etiam Chriſtianiſ¬

45.0 555.0 576.0 45.0 mus vt Baſil. definit Homil.1o. in Examero. no¬

42.0 586.0 580.0 43.0 ſtra cum Deo ſimilitudo, quãtum humana natura

41.0 617.0 578.0 49.0 illius capax eſſe in hoc mundo poteſt. Eſt igitur

42.0 652.0 575.0 47.0 vir Chriſtianus non tantum, vt cæteri, ad Dei glo

40.0 682.0 576.0 49.0 riam natus: ſed ad Dei optimam ſimilitudinem

39.0 719.0 575.0 45.0 & perpetuum obſequium deo præſtandum & for

39.0 749.0 574.0 46.0 matus & intentus. Denique vt ait Paulus. 2. Ti¬

38.0 782.0 572.0 44.0 mo. 3.verſ. 17. ὁσιν ἀνθρωπος πρὸς πᾶν ἔργον ἀγαθὸν

35.0 810.0 579.0 49.0 ἔξηρτισμένος. Id quod de infidelibus hominibus di

36.0 845.0 575.0 48.0 ci minime poteſt. Itaque Paul Rom.13. & Petrus

36.0 877.0 575.0 48.0 I.epiſt. cap.3.latum diſcrimen inter fideles & inſi

35.0 909.0 578.0 45.0 deles conſtituunt: veluti quòd appellanturfideles

33.0 940.0 580.0 47.0 filij lucis, homines Dei, & ſerui Dei. At infideles

34.0 974.0 577.0 48.0 appellantur filij tenebrarum, filij diaboli, & ſerui

33.0 1007.0 577.0 46.0 peccati. Ergo hic canon eſt, Chriſtianus quilibet

32.0 1039.0 574.0 48.0 vt cæteris exemplum ſit pietatis, ſuorũ omnium,

29.0 1071.0 580.0 48.0 imprimis autem domeſticorum curã habeat. Qui

28.0 1102.0 579.0 47.0 ſecus faxit, fidem abnegaſſe, & infideli deterior

27.0 1135.0 578.0 49.0 eſſe cẽſetor. Voce προνοεῖν & Animi & corporis no

25.0 1169.0 579.0 53.0 ſtrorum curam complectitur demandátque Pau
