1000 1448
594.0 74.0 39.0 53.0 383

271.0 96.0 167.0 26.0 CARVT V.

62.0 111.0 579.0 52.0 tefactis eorũ ſceleribus. Ergo non ſunt accuſandi

61.0 148.0 577.0 48.0 fideles & diligentes Eccleſiæ præpoſiti, ſi ex ijs,

64.0 180.0 572.0 49.0 qui ab ipſis electi ſũt & ordinati, aliqui poſtea ap

65.0 214.0 572.0 45.0 parueũt eſſe nebulones, & peſtes Eccleſiæ: aut ſi

65.0 245.0 572.0 48.0 quoſdam in Eccleſia Dei fouerint & retinuerint

65.0 278.0 568.0 46.0 qui poſtea detecti ſunt improbiſſimi, & peſſimi.

63.0 312.0 574.0 44.0 Nam ad tempus multorum peccata latent, &

62.0 343.0 573.0 46.0 tempore patent, vt ait etiam ille Ethnicus. Neq;

62.0 378.0 574.0 44.0 ſtatim produntur improbi. Bonis etiam viris hęc

62.0 410.0 574.0 43.0 eadem commixtio & occultatio conſolationem

61.0 442.0 575.0 43.0 affert, ſi quando videntur ſperni, & præ alijs ne¬

61.0 475.0 573.0 44.0 gligi, quòd cogitant vnius Dei eſſe hominum a¬

57.0 509.0 578.0 42.0 nimos & ſynceritatem mentis prodere atq; pa¬

58.0 539.0 576.0 42.0 tefacere, id eſt, in lucem proferre, cùm voluerit.

57.0 570.0 578.0 43.0 Interim igitur ſua ſorte & obſcuritate contenti

58.0 605.0 573.0 44.0 viuunt, neque murmurant, vel in Deum ipſum,

59.0 636.0 209.0 42.0 vel in homines.

94.0 666.0 539.0 48.0 Quod autem ait Paulus verſ.25. Que ſecus ſunt

57.0 699.0 574.0 48.0 id eſt quæ praua ſunt, non poſſe occultari, & in

57.0 736.0 574.0 42.0 perpetuum celari, ita accipiendum eſt, vt hoc fie¬

55.0 765.0 574.0 47.0 ri ſępiſſimè, & vt plurimùm, intelligamus: non

56.0 800.0 574.0 44.0 autem vt ſemper. Sæpe enim multorum & bona

54.0 833.0 575.0 43.0 opera, & turpiſſima ſcelera latent nos & occulta

53.0 865.0 576.0 43.0 manent perpetuò, quia ita Deo viſum eſt. Sed vt

53.0 896.0 577.0 46.0 plurimum Dominus detegit improbos: & piorũ

52.0 929.0 577.0 44.0 ſyncerum animum prodit, vt eſt in Pſal.37. verſ.

53.0 961.0 159.0 38.0 6. & Pſal.112.

82.0 991.0 547.0 43.0 Ex hoc igitur loco colligimus iudiciũ de mo¬

53.0 1026.0 576.0 43.0 ribus: & cenſuram, per quam peccata hominum

52.0 1058.0 575.0 44.0 Eccleſiaſtica pœna coercentur, pertinere ad Prę¬

53.0 1093.0 574.0 42.0 poſitos Eccleſiæ, quos hoc loco alloquitur Pau¬

51.0 1122.0 582.0 45.0 lus. Quam ſententiam cõfirmat Chriſtus Matt.16

53.0 1154.0 575.0 55.0 Quæcunque ligaueritis in terra, erunt ligata &

469.0 1193.0 61.0 43.0 B.ij.
