1000 1448
388.0 99.0 49.0 20.0 330

507.0 83.0 369.0 36.0 AD I. PAVL. AD TIM.

381.0 115.0 573.0 45.0 liquit:an demum quando emendari iam amplius

378.0 148.0 578.0 42.0 non poteſt, vel quia non eſt viuus, vel quia eſt

379.0 182.0 575.0 42.0 obſtinatus & deſperatus. Reſpond. Quanquam

378.0 213.0 577.0 42.0 huiuſmodi quædam vitia ſæpe committuntur, vt

378.0 246.0 576.0 43.0 ſtatim videantur eüciendi, qui ea perpetrauêre,

378.0 279.0 576.0 41.0 sintque tanquam Eccleſiæ peſtes, tamen ſi qui

381.0 312.0 570.0 39.0 commiſit, ex animo dolet, pœnitet, & emenda¬

378.0 345.0 579.0 39.0 tur, non debet excommunicari. Ergo ſtatim fieri

378.0 376.0 576.0 40.0 non debet, ſed poſtquam agnitus eſt is, qui deli¬

379.0 409.0 573.0 43.0 quit, contumax & obſtinatus perditè. Iuberi qui¬

378.0 441.0 576.0 40.0 dem poteſt etiam pœnitens ſceleris, vt ſi ita ſit

377.0 472.0 575.0 43.0 ex ædificatione Eccleſiæ Cœna abſtineat, ſed ad

378.0 507.0 575.0 42.0 tempus tantùm, non in perpetuum. Præterea il¬

377.0 538.0 575.0 42.0 lud ſit explorandę huiuſmodi hominis pœniten¬

376.0 570.0 576.0 42.0 tię cauſâ, vt quantum fieri poteſt, ſciatur, verâne

374.0 602.0 576.0 40.0 ſit, an falſa reſipiſcentia eius, qui ſe pœnitere fa¬

374.0 633.0 576.0 43.0 cti ſui teſtatur. Hoc ipſum docet Paulus ſæpe ſuo

374.0 669.0 577.0 38.0 exemplo. Nam quos excommunicari iubet, ij ſunt

376.0 700.0 573.0 41.0 qui poſt plures admonitiones vitam tamen in

375.0 732.0 573.0 42.0 meliorem frugem commutare ſpreuerant. Ergo

375.0 765.0 574.0 42.0 ne porcis margaritæ contra Chriſti præceptum

375.0 798.0 574.0 46.0 dentur, examinari & explorari eorum pœniten¬

375.0 828.0 124.0 39.0 tia debet.

411.0 857.0 538.0 45.0 Quod autem quęritur de mortuis hominibus

374.0 893.0 575.0 43.0 & iam vita functis, vtrum excõmunicari poſſint.

375.0 925.0 571.0 38.0 Reſponſio eſt, eos poſſe excommunicari. Exem¬

374.0 958.0 576.0 42.0 pla ſunt non illa vulgata Stephani 6. & Formoſi

375.0 990.0 571.0 40.0 primi & Sergij primi Pontificum Romanorũ,

376.0 1024.0 570.0 40.0 qui ſuos præ deceſſores iam mortuos excommu¬

373.0 1054.0 574.0 41.0 nicarunt & perſecuti ſunt, vti L Sylla C. Marium

373.0 1085.0 573.0 43.0 iam defunctum: ſed illa potius, de quibus hiſtoriæ

373.0 1119.0 573.0 43.0 extant apud Euagrium lib. 4. cap. 38. item apud

374.0 1151.0 574.0 56.0 Socratem Scholaſticum lib.7. cap.45. Et ita etiã

839.0 1188.0 110.0 46.0 ſcribunt
