1000 1448
355.0 99.0 69.0 18.0 A0O

462.0 82.0 377.0 37.0 AD I. TAVL. AM TIM.

354.0 112.0 575.0 47.0 mè de iis allegendis agit hoc loco. Sed neque e¬

353.0 148.0 577.0 41.0 tiam diuites ab eodem munere ſuſcipiẽdo arcet:

352.0 182.0 578.0 43.0 cæterum quæ pauper eſt, poteſt tamẽ & miſeri¬

353.0 212.0 577.0 41.0 cors & benefica, & hoſpitalis eſſe, &afflictis ſub¬

353.0 246.0 576.0 39.0 uenire, ſi quantum in ſe eſt, illa egenis præſtat, ſi

352.0 278.0 577.0 42.0 corporis miniſterium exhibet, ſi operam ſuam il¬

352.0 311.0 574.0 42.0 lis impendit & præbet, quando pecuniam confer

351.0 345.0 577.0 40.0 re nõ poteſt. Denique & vidua paupercula, quæ

352.0 378.0 576.0 40.0 minuta duo in gazophylacium miſit, maiorem,

353.0 409.0 574.0 42.0 quã alij Iudæi opulentiſsimi eleemoſynã cõtulit:

353.0 442.0 574.0 41.0 & Petrus ac Ioannes cùm pecuniam nõ haberẽt,

352.0 474.0 577.0 45.0 ſummo tamen beneficio claudum affecerunt, vt

353.0 507.0 305.0 38.0 eſt Luc.21.verſ.2.Actor.2.

384.0 534.0 545.0 48.0 Quod idem Paulus ait. Quæ lauit pedes.) ſum¬

351.0 571.0 578.0 41.0 ptum videri poteſt partim ex Gene.18.verſ.4.19.

353.0 603.0 576.0 41.0 verſ.2.43.verſ.24 vbi hæc eadem ratio dicendi v¬

350.0 635.0 580.0 43.0 ſurpatur: partim ex recepto tunc more inter O¬

349.0 666.0 580.0 45.0 rientales homines. Nã cùm qui fere pedibus iter

348.0 699.0 582.0 41.0 faciunt, fole, nimióque labore incaleſcant, ſunt

349.0 732.0 580.0 41.0 eorum pedes abluẽdi vt refrigerentur, recreẽtur

349.0 764.0 580.0 42.0 & refocillentur. Qui autem equo incedunt & iter

349.0 798.0 581.0 39.0 cõficiũt, nõ egent ferè hoc auxilio & miniſterio.

349.0 829.0 579.0 38.0 Ergo ex conſuetudine loci hoc annotauit Paulus.

350.0 862.0 579.0 39.0 Hoc autem ipſum magnam animi demiſsionem

349.0 892.0 580.0 42.0 ſignificat, cùm viliſsima & ſordidiſsima hominis

351.0 925.0 578.0 46.0 pars ferè ſint pedes: quot quutunque ita contre¬

352.0 960.0 578.0 39.0 ctare, & curare non dedignatur, certè nec vilia

352.0 991.0 578.0 43.0 quælibet alia munera & miniſteria, quę pauperi¬

351.0 1023.0 578.0 38.0 bus ægrotantibus impendi neceſſe eſt, obire ea¬

350.0 1054.0 578.0 42.0 dem vnquam recuſabit. Chriſtus ipſe in ſignum

349.0 1085.0 581.0 44.0 humilitatis lauit pedes diſcipulorum Ioan 13.Idẽ

349.0 1120.0 578.0 52.0 fecit & illa mulier, quæ lacrymis ſuis lauit pedes

353.0 1150.0 262.0 67.0 Chriſti. Luc.7 verſ38.

802.0 1181.0 127.0 49.0 11 Porrè
