1000 1448
254.0 110.0 173.0 19.0 CAPVT V.

585.0 78.0 45.0 59.0 279

58.0 120.0 574.0 55.0 eſt de iis, qui ad maiora munera eccleſiaſtica ac¬

58.0 168.0 575.0 40.0 cerſuntur & eligũtur? Hæne virtutes ab iis abeſſe

58.0 200.0 575.0 40.0 debebunt? Minimè ſanè. Itaque in iis & diligen¬

58.0 233.0 574.0 49.0 tia & miſericors animus, & demiſſus & pius ſpe¬

58.0 264.0 91.0 40.0 ctetur.

86.0 287.0 547.0 51.0 Quod ait. Si liberos educauit mouet dubitatione

57.0 332.0 576.0 41.0 quaſi Paulus ſteriles ſexagenarias, quæ vxores

57.0 362.0 576.0 43.0 fuerunt nullóſque liberos pepererũt, ab hoc mu¬

54.0 396.0 579.0 42.0 nere arceat, illíſque tanquam hanc notam inurat

57.0 430.0 574.0 40.0 propter ſterilitatem, vt eligi ad hoc munus non

56.0 462.0 573.0 40.0 poſsint. At ee ſæpè ſunt aptiſſimæ, An non igitur

57.0 495.0 573.0 41.0 quæ fuerunt ſteriles allegi & cooptari poterunt?

55.0 526.0 574.0 41.0 Sanè poterũt. Neque enim vniuerſum iudicium,

56.0 559.0 573.0 41.0 quod de mulierum piarum diligentia haberi po¬

54.0 590.0 576.0 42.0 teſt, Paulus reſtringit ad vnicam curam, & educa

55.0 622.0 576.0 40.0 tionem ſuſceptorum libérorum: ſed hoc tanquã

55.0 656.0 575.0 40.0 veriſſimum & optimum inter cætera earum dili¬

55.0 688.0 574.0 43.0 gentiæ teſtimonium protulit. Ergo que mulieres

53.0 719.0 574.0 42.0 nunquam liberos ſuſtulerunt in coniugio, aut e¬

53.0 753.0 576.0 48.0 tiam quæ nunquam fuerunt coniuges, poſfunt, ſi

53.0 785.0 395.0 39.0 erunt idoneæ, in diaconiſſas eligi.

84.0 812.0 543.0 51.0 Quod ait. Si fuit hoſpitalis, ſi afflictis ſubuenit,

53.0 854.0 575.0 38.0 mouet etiam quæſtionem, quaſi ſolas diuites eli¬

54.0 882.0 576.0 44.0 gi & cooptari ad hoc munus velit Paulus. Illæ e¬

52.0 913.0 576.0 49.0 nim ſunt, quæ & extraneos excipere apud ſe &

52.0 946.0 575.0 40.0 ſuis opibus afflictis ſubuenire ἐπόρκεσιν enim dixit

53.0 979.0 573.0 46.0 Paulus id eſt, quantum ſatis eſt, ſumminiſtrauit

52.0 1012.0 576.0 42.0 egenis) poſſunt. Quæ autem ſunt égenæ & ipſæ

438.0 1041.0 13.0 21.0 424

53.0 1046.0 574.0 44.0 pauperes idem præſtare nequeunt. Ergo ab hoc

52.0 1081.0 572.0 41.0 munere ſummouebuntur, quas tamen ſæpe ma¬

612.0 1101.0 16.0 29.0 4.

53.0 1109.0 576.0 46.0 gis eſſe ad hoc miniſterium idoneas, quàm dites

53.0 1143.0 577.0 43.0 mulieres certum eſt, & experientia comprobatũ

50.0 1173.0 573.0 54.0 Reſp. Non excludit pauperes Paulus imô maxi¬

460.0 1209.0 45.0 21.0 Q..24

452.0 1216.0 62.0 42.0 ſiiix
