1000 1448
583.0 68.0 34.0 42.0 40

263.0 86.0 178.0 23.0 CAPVT V.

53.0 103.0 581.0 52.0 tis etiam omnia humanitatis officia ſunt præſtã¬

57.0 139.0 566.0 49.0 da.Ad quod affero quod eſt Romanor. 12.V.20.

91.0 172.0 544.0 44.0 Tertiò non tollit excommunicatio iura poli¬

57.0 204.0 579.0 48.0 tica & ciuilis ſocietatis, quemadmodum nec ipſa

57.0 235.0 579.0 48.0 infidelitas vel apoſtaſia aperta à Deo tollit ea.

61.0 269.0 576.0 47.0 Nam infidelis & apoſtata imperator, qualis Iu¬

58.0 303.0 579.0 46.0 lianus olim, manet Imperator, & Magiſtracus, &

60.0 333.0 578.0 49.0 pro tali à Chriſtianis eſt agnitus. Ergo falſa eſt

62.0 367.0 577.0 44.0 Scholaſticorum ſententia, qui ſentiunt non eſſe

63.0 400.0 581.0 48.0 parendum principibus excommunicatis: & con¬

63.0 431.0 578.0 46.0 tra eos ipſos ſcripſiſſe videtur Thomas Aquinas

62.0 464.0 579.0 46.0 ea, quæ extant in 2.22 quæſt. 1o. Sanè Sigibertus

62.0 495.0 579.0 46.0 author probatus & Monachus ſcribit in Odone

64.0 527.0 578.0 44.0 fol.1o1. hanc doctrinam eſſe & nouam & hæreti¬

65.0 560.0 576.0 51.0 cam, quæ iubet ne hypocritis principibus, id eſt,

65.0 593.0 576.0 44.0 excommunicatis pareamus, quam Hildebrandus

66.0 625.0 575.0 51.0 qui & Gregor.7. Pontifex Roman. primus pro¬

66.0 657.0 578.0 50.0 mulgaſſe videtur, cùm veteres Chriſtiani Iulia¬

66.0 689.0 578.0 47.0 no apoſtatæ paruiſſent. Ambroſius Theodoſio à

67.0 724.0 575.0 43.0 ſe excommunicato: & ipſi apoſtoli etiam omni¬

66.0 756.0 580.0 47.0 no infidelibus & perſecutoribus Eccleſiæ princi¬

67.0 789.0 551.0 48.0 pibus, quales Nero & Domitianus, paruerunt.

101.0 822.0 547.0 46.0 Denique quæſitum eſt, vtrum bonorum con¬

68.0 852.0 580.0 42.0 fiſcatio in excommunicatum ſanciri debeat &

69.0 885.0 577.0 48.0 poſſit, vt etiam ea pœna multetur. Huius rei exẽ¬

70.0 916.0 580.0 50.0 plum extat Eſdræ. 1o.ver.8. Reſpond. Minimé. Nã

71.0 950.0 578.0 47.0 eſt excommunicatio conſcientiæ pœna:non autẽ

72.0 981.0 579.0 47.0 corporis vel bonorum. Et quod illîc de Eſdra di¬

73.0 1012.0 578.0 49.0 citur nihil mouet. Erat enim Magiſtratus Eſdras

74.0 1046.0 576.0 47.0 non ſolùm Leuitarum, & cœtus Eccleſiaſtici prę¬

77.0 1077.0 578.0 50.0 ſes. Ergo vtriuſque iuriſdictionis, id eſt, ciuilis &

77.0 1110.0 575.0 49.0 Eccleſiaſticæ authoritate illud edictum ſancitũ

78.0 1146.0 531.0 51.0 eſt, quò celerius Iudæi diſperſi conuenirent.

474.0 1176.0 77.0 49.0 C.iiij.
