1000 1448
390.0 97.0 25.0 27.0 30

493.0 81.0 360.0 39.0 AD I. PAVL. AD TIM

362.0 115.0 580.0 43.0 fieri in ædificationem Eccleſiæ duobus modis,

364.0 149.0 577.0 42.0 vel Per ſe, vel Per conſequens. Per ſe, cùm ali¬

362.0 183.0 578.0 42.0 quid in ea plantatur: per conſequens, cùm quod

360.0 215.0 581.0 39.0 illi noxium eſt, euellitur. Eſt enim ſimilis agro

362.0 247.0 578.0 39.0 Eccleſia Dei, vt eſt apud Matth.13. At in agro ſi¬

361.0 286.0 580.0 34.0 ue quid noxiarum herbarum (quæ bonas & vtiles

360.0 312.0 581.0 42.0 ſuffocant) extirpemus: ſiue quod vtile ſemen ſera¬

362.0 345.0 579.0 42.0 mus, agro proſumus. Ergo eodem modo de Ec¬

362.0 379.0 580.0 43.0 cleſia ſtatuẽdum, qui ex ea eiicit improbos mul¬

361.0 412.0 363.0 40.0 tum iuuat & prodeſt Eccleſiæ.

395.0 443.0 544.0 43.0 Quod autem obiicitur ſæpe quoſdam ea abu¬

361.0 476.0 578.0 42.0 ſos eſſe ad priuatam animi ſui vindictam: ſæpe

360.0 508.0 578.0 39.0 bonos ex Eccleſia Dei depulſos ea ratione, non

359.0 541.0 579.0 42.0 oppugnat noſtram ſententiam. Ea enim ſunt vi¬

357.0 576.0 582.0 36.0 tia perſouarum malè ſua poteſtate vtentium, non

358.0 604.0 581.0 42.0 autem rei ipſius. Sed diſtinguũt ſic quidam, nimi¬

358.0 637.0 581.0 39.0 rum, vt velint quibus in locis & Eccleſijs fidelis

357.0 670.0 582.0 41.0 eſt Magiſtratus, in ijs nullum excommunicatio¬

358.0 703.0 582.0 38.0 nis vſum eſſe debere: in quibus autem non eſt

357.0 736.0 581.0 41.0 Magiſtratus fidelis, in ijs tantùm debere: quia fi¬

358.0 769.0 580.0 41.0 delis Magiſtratus ſi fungitur officio, punit ſcelera,

358.0 802.0 580.0 37.0 quæ contra Dei verbum admittuntur. Nemo

356.0 834.0 582.0 39.0 autem vnius criminis & peccati ratione duplicẽ

356.0 867.0 581.0 42.0 pœnam ferre & pati debet. Quod tamen accide¬

356.0 900.0 581.0 40.0 ret, ſi idem etiam ab Eccleſia excommunicare¬

357.0 932.0 581.0 39.0 tur. Reſ. Peccatum omne quod contra Dei præ¬

355.0 964.0 580.0 42.0 cepta fit, eſſe huiuſmodi, vt ex Dei ipſius defini¬

354.0 999.0 581.0 40.0 tione & corporis & animi pœnã mereatur, quia

357.0 1029.0 576.0 40.0 vtriuſque partis noſtræ creator eſt Deus. Et cùm

353.0 1061.0 581.0 41.0 dupliciilla pœna afficitur peccator, vna tantùm

353.0 1093.0 581.0 39.0 pœna afficitur, id eſt, ea, quæ debetur, & indicta

353.0 1124.0 579.0 41.0 eſt à Deo ipſo: etſi in diuerſis partibus à nobis

352.0 1157.0 577.0 51.0 vna illa pœna ſentitur. Itaque Eſdræ cap.1o.

864.0 1192.0 67.0 38.0 verſ.
