1000 1448
386.0 91.0 471.0 36.0 250 AD I. PAVL. AD TIM.

382.0 119.0 574.0 50.0 In quaque enim ætate, vt oportet tractanda ma¬

383.0 154.0 575.0 47.0 gna quædam non tantùm prudentiæ, ſed etiam

381.0 188.0 576.0 45.0 charitatis pars poſita eſt, quæ vtraque & à pu¬

382.0 217.0 576.0 48.0 blicis & à priuatis admonitionibus nunquam a¬

382.0 250.0 566.0 46.0 beſſe debet, vt ſuum vſum & fructum habeant.

414.0 284.0 545.0 41.0 Illud autem notandum eſt, cùm ita Paulus nos

382.0 316.0 577.0 47.0 agere iubet, nolle tamen nos vel perſonarum ac¬

386.0 349.0 573.0 45.0 ceptatores vel aſſentatores eſſe, vt alienis vitijs

386.0 381.0 575.0 46.0 blandiamur & fau eamus: ſed ne nimium acerba

387.0 414.0 574.0 47.0 & acri agendi ratione & oratione vtentes pecca¬

386.0 446.0 576.0 47.0 tores ipſos à Dei doctrina auertamus. Quæ certè

386.0 479.0 577.0 44.0 acerbitas prorſus eſt inutilis, quanquam tamen

386.0 511.0 528.0 47.0 grauitas eſt à paſtore retinenda Tit.1.verſ.7.

418.0 542.0 544.0 46.0 Hæc igitur ſunt de his rebus Pauli præcepta

386.0 576.0 579.0 46.0 & rationes I Paſtor Euangelicus, tanquam pe¬

386.0 607.0 580.0 46.0 ritus animorum medicus, pro ſuæ ætatis & ſexus

386.0 641.0 582.0 45.0 ratione tractato quenque, neminem imprudenti

390.0 672.0 579.0 46.0 & acerba agendi ratione offendito. 2 Seniores

389.0 709.0 579.0 41.0 tum mares, tum fœminas, peccantes tanquam pa¬

390.0 738.0 582.0 46.0 tres & matres paſtor Euangelicus leniter admo¬

389.0 769.0 582.0 41.0 neto. 3 Iuniores, tum mares, tum fœminas,

392.0 803.0 580.0 45.0 peccantes velut fratres & ſorores idem commo¬

393.0 834.0 579.0 43.0 nefacito. 4 Fœminæ imprimis autem iuniores

393.0 867.0 579.0 46.0 ita à paſtore Euangelico moneantur, vt ſummus

394.0 899.0 579.0 47.0 caſtitatis pudor in ipſa agendi & loquendi cum

393.0 933.0 396.0 44.0 illis ratione eluceat & appareat.

423.0 962.0 552.0 48.0 Επιπλήξης. Quidam ad pugnos & verbera refe¬

396.0 995.0 580.0 49.0 runt, quæ quidem infligi viris ſenioribus à Ti¬

398.0 1028.0 580.0 45.0 motheo vetet Paulus: ſed perperam. Pertinet e¬

397.0 1059.0 581.0 48.0 nim hic locus ad verba tantùm acerbiora in pa¬

397.0 1092.0 582.0 48.0 ſtore damnanda: nõ ad verbera. Nam ſupra Pau¬

397.0 1124.0 582.0 48.0 lus docuit non debere paſtorem eſſe percuſſorẽ

399.0 1158.0 581.0 56.0 & πλήκτην. Ratio verò horum omnium præce¬

883.0 1189.0 99.0 53.0 ptorum
