1000 1448
465.0 89.0 389.0 45.0 AD I. PAVL. AD TIM.

377.0 106.0 75.0 32.0 250

369.0 121.0 580.0 53.0 emplar, vt ipſe cum Petro 1.epiſt. cap.5. loquitur

369.0 156.0 578.0 50.0 eſſe debeant. Ac primum ſummatim quidem in¬

369.0 190.0 576.0 52.0 quit, ἐν λόγω id eſt, Verbis ſiue dictis, ἐν ἀνας ροφν

370.0 221.0 580.0 53.0 id eſt, Conuerſatione & factis, toti gregi præluce¬

372.0 255.0 578.0 50.0 re paſtorem oportere. Poſtea verò quaſdam vir¬

374.0 287.0 577.0 51.0 tutes addit, ex quibus diſtinctius hæc duo paran¬

373.0 320.0 579.0 50.0 tur & docentur: & tum vitæ, tum ipſius linguæ

373.0 351.0 579.0 51.0 vera reformatio oritur, tanquam ex ipſis fonti¬

373.0 382.0 577.0 53.0 bus. Obiter dixerim hoc genus dicẽdi eſſe ἀσύνθε¬

374.0 419.0 578.0 47.0 τον, quod maiorem vim habet, & facit, vt ſingula

374.0 449.0 577.0 52.0 diligentius perpendantur à nobis. Ergo inter

375.0 483.0 578.0 49.0 eas virtutes præcipuè commemorat Paulus, Cha¬

373.0 512.0 580.0 51.0 ritatem, cui ſubiicit Spiritum ſiue zelum. Cha¬

372.0 544.0 582.0 53.0 ritas autem hîc tum ea, quæ in Deum, tum in pro¬

375.0 577.0 579.0 49.0 ximum eſt, ſignificatur, cui ſubſeruire debet ſpi¬

374.0 611.0 580.0 51.0 ritus ipſe, id eſt, feruor animi:atque illa etiam do¬

374.0 645.0 580.0 48.0 na, quæ Dominus cuique fidelium donat & con¬

376.0 674.0 578.0 53.0 cedit, charitati ancillari oportet. Deinde addit,

375.0 706.0 581.0 48.0 charitati ſuum fontem, nempe Fidem, cui ſubiicit

378.0 740.0 578.0 49.0 Puritatem ſiue Caſtitatem. Ergo fides hæc non

378.0 771.0 578.0 52.0 tantùm eſt doctrina, vel cognitio: ſed etiam ipſa

379.0 805.0 577.0 49.0 in Dei promiſsiones per Chriſtum acquieſcens

379.0 838.0 578.0 48.0 aſſenſio & voluntas, quæ parit ex ſe tanquam v¬

379.0 869.0 579.0 48.0 berri mum fructum ἀγνείαν, id eſt, caſtitatem. Hæc

380.0 905.0 578.0 45.0 autem caſtitas non tantùm abſtinet alieno thoro,

382.0 935.0 575.0 45.0 E libiume faſciua: ſed omni vitæ impuritate, quæ

382.0 966.0 575.0 46.0 Chriſtianæ ſanctitati contraria eſt. Ex his igitur

382.0 998.0 577.0 50.0 quatuor fontibus penè omnis vitæ fanctitas re¬

382.0 1031.0 580.0 50.0 formatio & exemplum naſcitur. Ergo vanæ illæ

384.0 1062.0 576.0 51.0 Epiſcoporum commendationes ex inſulis, lituo

384.0 1094.0 575.0 48.0 ſiue pedo chirothecis, annulis, cothurnis, fanda¬

383.0 1127.0 575.0 49.0 liis, & cæteris huiuſmodi nugis faceſſant, quæ in

386.0 1159.0 572.0 63.0 Papatu, tamen tanquam certiſſima Epiſcopatus

851.0 1192.0 107.0 46.0 inſignia,
