1000 1448
588.0 78.0 50.0 49.0 245

269.0 88.0 171.0 30.0 CAPVT V.

61.0 113.0 579.0 43.0 tus ædificationem à Chriſto conceſſa & relicta:

61.0 150.0 580.0 43.0 non ſolum autem præpoſitorum ipſorum gratiâ

61.0 183.0 578.0 39.0 aut ratione eſt. Atque noſtra hæc ſententia,

65.0 214.0 576.0 41.0 cui multi obſiſtunt, planè eſt confirmanda, ſcili¬

63.0 246.0 578.0 41.0 cet ad ſolos Eccleſiæ præpoſitos eius iuris & po¬

62.0 280.0 579.0 40.0 teſtatis exercitium pertinere, non autem ad ſin¬

65.0 313.0 574.0 40.0 gulos de cœtu & populo Eccleſiæ. Probatur au¬

63.0 345.0 286.0 37.0 tem his ferè rationibus.

94.0 375.0 547.0 40.0 Primùm authoritate verbi Dei Actor.11.v.15.

62.0 409.0 581.0 39.0 21.& 22.Petrus & Paulus coram Apoſtolis & prę¬

63.0 441.0 582.0 43.0 poſitis rationem reddunt ſui facti, non coram v¬

62.0 474.0 584.0 40.0 no quodam Epiſcopo: quanquam, ſi quibuſdam

62.0 505.0 584.0 42.0 credimus, iã erat Iocobus frater Domini Hiero¬

63.0 537.0 583.0 43.0 ſolymorum Epiſcopus. Non etiam ſinguli de Ec¬

63.0 572.0 582.0 40.0 cleſia in ſuffragia mittuntur. Sed coram præpoſi¬

64.0 601.0 581.0 44.0 tis Eccleſiæ, qui Eccleſia vocantur, ea tota diſpu¬

65.0 636.0 578.0 41.0 tatio diſceptatur. Petrus ipſe priore Epiſto¬

65.0 668.0 581.0 41.0 la cap.5.V.5. negat ſe vllum in cœtum Domini

65.0 703.0 581.0 40.0 habere principatum. Iudæorum mores tempore

66.0 732.0 580.0 41.0 Chriſti multa quidem in doctrina corrupta ha¬

65.0 764.0 581.0 39.0 bebant: tamen veteris diſciplinæ & à Deo inſti¬

65.0 798.0 580.0 41.0 tutæ veſtigia retinebantur. Itaque cùm Chriſtus

65.0 829.0 581.0 40.0 ipſe ſuæ vitæ & doctrinæ rationem redditurus ſi¬

64.0 863.0 583.0 41.0 ſtitur, conuocantur Scribæ, Phariſæi, principes

65.0 894.0 583.0 42.0 Sacerdotum, id eſt, præpoſiti Eccleſiæ, totúmque

65.0 927.0 583.0 38.0 ſynedrion: non autem ſolus ſummus Pontifex ſi¬

67.0 958.0 579.0 39.0 bi de Chriſto ſumit iudicium. Non item iudicant

66.0 989.0 580.0 43.0 ſinguli de populo, ſed præfecti Eccleſiæ dunta¬

67.0 1024.0 579.0 39.0 xat. Denique Chriſtus nos iubet ad plures: non

68.0 1054.0 580.0 45.0 ad vnum tantùm aliquem referre, ſi qui nos of¬

69.0 1090.0 579.0 39.0 fenderunt nobis ſponte nõ reconciliantur Matt,

71.0 1122.0 369.0 43.0 18.verſ.16.1. Timoth.5.verſ.19.

105.0 1151.0 546.0 59.0 Secundùm: ratione. Eſt morum coercitio &

479.0 1185.0 60.0 60.0 q.iij.
