1000 1448
477.0 78.0 375.0 45.0 AD I. PAVL. AD TIM.

373.0 105.0 581.0 55.0 odio & auerſatione ipſius guſtus & odoris,

372.0 141.0 584.0 56.0 quod faciunt ij, qui natura ſunt abſtemij, & vinũ

373.0 173.0 582.0 55.0 guſtare non poſſunt: ſed certo animi propoſito

373.0 207.0 582.0 53.0 & inſtituto, vt carnis libidinem in tam feruente

373.0 238.0 583.0 56.0 ætate, tanquam æſtate, reprimeret, at que compeſ

374.0 271.0 582.0 53.0 ceret: vti qui equis, ne nimium ferociant, pabuli

374.0 308.0 517.0 50.0 partem adimunt, ne nimium impinguentur.

407.0 335.0 550.0 53.0 Ergo qui ſuperſtitione aliqua ducti, qui hæreſi

375.0 368.0 583.0 49.0 alicui addicti, qui voto conſtricti, vino abſtinent

375.0 403.0 583.0 50.0 hoc Timothei exemplo iuuari vel deffendi non

376.0 436.0 581.0 50.0 poſſunt, cuius factum hîc à Paulo commemora¬

376.0 470.0 359.0 46.0 tum eſt ab illis diſſimillimum.

407.0 498.0 550.0 49.0 Denique ratio addita eſt à Paulo, & modus,

378.0 531.0 582.0 49.0 ex quo Timotheum æſtimare vult, quatenus &

379.0 564.0 581.0 48.0 vino & cęteris cibis abſtinere debeat. Nimirum

380.0 595.0 581.0 51.0 quatenus ratio valetudinis & corporis ſanitas

378.0 628.0 583.0 52.0 patitur id fieri: non vt longæui tantum fiamus:

378.0 660.0 580.0 51.0 ſed vt cõmodiùs & faciliùs Deo inſeruiamus. At

378.0 691.0 580.0 54.0 que hæc quidem particulariter pertinent ad Ti¬

379.0 724.0 584.0 49.0 motheum: Videamus iam quæ ex his colligi de¬

379.0 760.0 583.0 49.0 beant, & ad omnes Presbyteros & Eccleſiæ præ¬

381.0 790.0 580.0 50.0 poſitos diffundantur. Duo verò canones ex hoc

382.0 822.0 579.0 54.0 verſiculo à nobis excerpentur, iique generales

382.0 865.0 119.0 44.0 & vtiles.

411.0 884.0 552.0 51.0 I Presbyteri eam victus rationem ac ſobrie¬

379.0 918.0 585.0 52.0 tatem inſtituunto, quæ & ipſorum muneri facile

382.0 954.0 582.0 49.0 obeundo conducat, & cæteris ad exemplum tem

383.0 989.0 394.0 47.0 perantiæ eſſe & prælucere poſſit.

416.0 1016.0 550.0 50.0 2 Presbyteri at que præpoſiri Eccleſiæ in ea vi

380.0 1048.0 585.0 50.0 ctus ſui ſobrietate ac ratione inſtituenda, & bo¬

379.0 1080.0 585.0 50.0 næ valetudinis ſuæ, & virium ſtomachi atque to¬

379.0 1118.0 431.0 46.0 tius corporis ſui rationem habeuto.

400.0 1147.0 526.0 58.0 Atque hic vterque canon eſt exp licandus.

912.0 1178.0 49.0 41.0 Ac
