1000 1448
271.0 96.0 173.0 17.0 CAFVT V.

584.0 74.0 46.0 49.0 389

61.0 110.0 579.0 47.0 ſti, quod Matt.18. & Ioan.2o.recitãt. Ex quibus i¬

62.0 144.0 578.0 49.0 pſis locis eã ſpiritualis cẽſurę & caſtigationis ſpe¬

62.0 179.0 579.0 44.0 ciem in vſu fuiſſe in Eccleſia docetur, vti ex Ioan.

62.0 212.0 577.0 43.0 cap.9. & 1.Cor.5 & 2.7. & hoc ipſo loco. Neque

64.0 244.0 577.0 43.0 de eo dubitari potuit, niſi duo quædã argumenta

64.0 278.0 574.0 40.0 contra afferrentur. Primùm neminem inuitum

63.0 308.0 576.0 40.0 cogendum eſſe, vt rectè viuat aut ſentiat. Nam,

65.0 341.0 576.0 43.0 vt vulgò dicitur, Inuitum qui ſeruat idem facit

65.0 375.0 575.0 36.0 occidenti. Id autem faciunt, qui inobſequentes

65.0 407.0 575.0 37.0 Deo excommunicant. Huic argumento ſæpe re¬

65.0 439.0 576.0 40.0 ſpondit Auguſtinus in diſputationibus contra

65.0 470.0 577.0 39.0 Donatiſtas & negat veram eſſe hanc ſententiam.

65.0 502.0 576.0 43.0 Sæpe enim qui primùm inuitus ab errore vitæ

66.0 534.0 577.0 38.0 vel doctrinæ abductus eſt, poſtea volens & lubẽs

65.0 567.0 577.0 43.0 in recto itinere permanſit. Præterea cùm quis

65.0 600.0 576.0 37.0 corrigitur inuitus, ſi hoc ipſum illi non prodeſt,

67.0 632.0 574.0 38.0 quia inuitus id facit: alijs tamẽ prodeſt, qui metu

67.0 665.0 577.0 42.0 pœnæ coercentur, ne ad eadem ſcelera exemplo

67.0 698.0 575.0 41.0 pertrahantur. Denique hæc eadem ratio facit ne

65.0 731.0 576.0 42.0 in ſceleratos homines vllos, quantumuis impios

65.0 762.0 577.0 43.0 & dereſtabiles, pœnæ vllæ etiam à Magiſtratu

65.0 796.0 576.0 39.0 decernantur, quia ea ratione inuiti reſipiſcere &

65.0 829.0 577.0 42.0 modeſtè viuere coguntur. Itaquè hæc prima ra¬

65.0 859.0 306.0 43.0 tio eſt abſurdiſſima. O

91.0 892.0 550.0 38.0 Alterum argumentum, quod contra vſum ex¬

65.0 925.0 581.0 40.0 communicationis affertur, ducitur ex loco Pauli

68.0 954.0 573.0 45.0 2 Corinth. 1o. verſ.8. Nempe datam eſſe paſtori¬

69.0 987.0 571.0 44.0 bus, & Miniſtris verbi Dei poteſtatem ad ædifi¬

69.0 1020.0 572.0 38.0 cationem, non ad ſubuerſionem & deſtructionẽ.

69.0 1053.0 571.0 42.0 At excommunicatio deſtruit gregem Domini,

71.0 1086.0 571.0 41.0 quem minuit, & eum ipſum qui excommunica¬

69.0 1118.0 575.0 43.0 tur, perdit, quia exponit Diabole:ergo ea vti pa¬

69.0 1150.0 574.0 47.0 ſtoribus non licet in Eccleſia. Reſpond. Aliquid

473.0 1184.0 65.0 45.0 B.iij.
