1000 1448
493.0 92.0 377.0 38.0 AD I. PAVL. AD TIM.

377.0 102.0 67.0 33.0 296

373.0 119.0 580.0 53.0 quæſt.1.Atque ita miſerrimus conſcientijs homi¬

374.0 159.0 579.0 43.0 num laqueus ſemper durior, & maior inuectus

374.0 191.0 578.0 43.0 eſt: & προς τὸ ἀδύνατον tandem contra rerum natu¬

374.0 223.0 577.0 47.0 ram miſeræ illæ mulieres ſunt obligatæ, nempe

374.0 257.0 579.0 44.0 vt perpetuò cœlibes manerent, quantunuis intus

375.0 292.0 420.0 43.0 æſtuarent & magno igni vrerentur.

407.0 322.0 544.0 44.0 In Monaſterijs autem illis & cœnobijs, tanquã

376.0 353.0 578.0 46.0 carceribus, concluſæ horas canonicas, quas Papi¬

375.0 386.0 579.0 45.0 ſtę appellãt, & aliquot Pſalmos tãtùm cantillant.

377.0 419.0 577.0 45.0 Nã neq; Miſſam cancre ipſæ poſſunt, neque vaſa

377.0 451.0 576.0 42.0 ſacra aut veſtimenta, quibus in Miſſa ſacrificuli

377.0 485.0 577.0 42.0 vtuntur, contrectare, ac ne quidem ſine piaculo

375.0 517.0 577.0 42.0 attingere audent cano. Sanctimonialis & can.ſeq¬

376.0 547.0 578.0 45.0 diſtinct.23.Atqui etiam ſeculo Hieronym. Sacris

375.0 581.0 579.0 42.0 literis quæ virginitatem vouebant diligenter o¬

376.0 612.0 579.0 46.0 peram dabant, illúdque exercitium, non autem

376.0 644.0 579.0 43.0 cantillandi in templis habebant, quod magis erat

374.0 674.0 578.0 48.0 tolerabile. Atque has ſuperſtitioſas pro ijs Dia¬

375.0 708.0 581.0 43.0 coniſſis, de quibꝰ Paul. hîc agit, Papiſtæ ſuſtituũt:

378.0 742.0 577.0 44.0 quæ quales ſint. & vt à verbo Dei alienæ, atque

376.0 776.0 579.0 41.0 etiam à veteribus canonibus & more Eccleſiæ

378.0 807.0 579.0 42.0 diſſentaneæ, omnes iam vident qui modò aliquid

380.0 840.0 491.0 48.0 videre poſſunt. Sed pergamus ad Paulum.

414.0 901.0 540.0 53.0 14 Velim igitur iuniores nubere, libe¬

376.0 942.0 578.0 50.0 ros gignere, domum adminiſtrare, nullam

378.0 983.0 577.0 53.0 occaſionem dare aduerſario ad maledicendũ.

406.0 1032.0 550.0 46.0 ἈντίθεCς eſt vel potiùs Ε’πανόρθοβις. Rationẽ

375.0 1067.0 579.0 43.0 enim ſubijcit, per quam ſuperiori malo Eecleſia

375.0 1100.0 579.0 42.0 mederi poteſt. In quo ipſo canon vtiliſſimus, &

375.0 1131.0 581.0 45.0 quidem generalis, qui ad diſciplinam Eccleſiaſti¬

375.0 1165.0 583.0 47.0 cam pertinet, continetur. eſt autem hic canon Iu¬

870.0 1197.0 85.0 41.0 niores
