1000 1448
566.0 80.0 48.0 45.0 397

215.0 93.0 177.0 25.0 CAPVT. V.

44.0 114.0 573.0 51.0 tur quis è Dei Eccleſia, populo per paſtorem, vel

44.0 157.0 573.0 40.0 Preſbyteros ſignificetur apertè, non autem oc¬

45.0 189.0 574.0 39.0 cultetur, ne ſit alijs inutilis iſta cenſura. Qua autẽ

43.0 221.0 574.0 40.0 forma verborum debeat fieri, diſputatum eſt. Et

43.0 252.0 576.0 40.0 certè varia & diuerſa verborum formula vſa eſt

44.0 283.0 571.0 45.0 ſemper Eccleſia pro locorũ, rerũ, & factorũ, de

45.0 318.0 573.0 41.0 quibus agebatur, varia ratione. Eius rei exempla

45.0 349.0 574.0 43.0 extant apud Syneſium Epiſcopum epiſtola 58.&

45.0 383.0 574.0 39.0 66. & apud Euagrium hiſtoricum lib.4 cap.38.

46.0 415.0 571.0 41.0 Qui enim putant his Pauli verbis vtendum præ¬

44.0 444.0 575.0 41.0 ciſè, Tradimus Satanæ ad interitum carnis, vti eſt

45.0 478.0 575.0 41.0 1.Corinth.5. verſ.5.1. Timoth.1. verſ.2o. ſunt ni¬

45.0 511.0 577.0 40.0 mium in verbis religioſi. Deinde vim illorum

45.0 543.0 575.0 41.0 verborũ Tradimus Satanæ ad interitum carnis, nõ

44.0 575.0 575.0 42.0 rectè capiunt & intelligunt. Ideo enim tradit Sa¬

44.0 609.0 573.0 38.0 tanæ Paulus, vt caro, id eſt, vitioſa animi libido

44.0 641.0 573.0 42.0 in ijs intereat prorſus: nõ (vt interpretatur Au¬

45.0 674.0 571.0 41.0 guſtinus lib.3 cap.1o. contra Parmenia. & Greg.

44.0 706.0 575.0 40.0 in Leuit. Homil.15)in carnis & corporis afflictio¬

43.0 737.0 575.0 44.0 nem. Nanq; hoc falſum ſæpe apparet. Neque e¬

43.0 773.0 577.0 40.0 nim omnes excommunicati in carne & corpore

42.0 802.0 579.0 44.0 ſuo hîc viuentes cruciantur & vexantur à Diabo¬

43.0 835.0 576.0 42.0 lo. Vixit enim Iulianus apoſtata ſanus corpore,

43.0 867.0 578.0 39.0 & validis membris etiam excommunicatus. Sed

43.0 899.0 577.0 43.0 oſtendit Paulus finem excommunicationis, Ni¬

43.0 933.0 576.0 41.0 mirum, vt praua animi libido euellatur in ijs, per

45.0 965.0 576.0 42.0 quam Dei verbo ſunt immorigeri: & ſpiritus, id

44.0 996.0 579.0 44.0 eſt, vis & afflatus ſpiritus Dei ſit in illis ipſis po¬

44.0 1031.0 577.0 39.0 tens, & viuus. Ergo hæc verborum forma libera

45.0 1063.0 575.0 39.0 eſt, modò vis excommunicationis & iſtius cen¬

45.0 1095.0 212.0 41.0 ſuræ exprimatur.

68.0 1123.0 554.0 47.0 Quinto loco quæritur, quando fieri debeat ex¬

45.0 1162.0 576.0 58.0 communicatio, an ſtatim atque quis publicè de
