1000 1448
366.0 86.0 477.0 35.0 360 AD I. PAVI. AD TIM.

366.0 115.0 339.0 45.0 præſtaret, & efficeret talem.

395.0 152.0 545.0 38.0 2 Ratio eſt, vt Spiritus ſancti dona in ele¬

360.0 186.0 582.0 38.0 ctum effunderentur, eúmque quatenus, quaque

359.0 218.0 581.0 38.0 menſura Dominus ipſe videbat conducere, im¬

362.0 250.0 576.0 40.0 pleret. Quod ipſum etiã tota Eccleſia pro electo

360.0 281.0 578.0 40.0 ſummis votis à Deo petebat. Vnde ab Auguſt.

361.0 313.0 579.0 43.0 manuũ impoſitio nihil aliud eſſe definitur, quàm

361.0 346.0 499.0 41.0 oratio ſuper hominem. de Baptiſmo lib.4.

390.0 379.0 548.0 42.0 Hæc tamen cæremonia, cùm ſit tantùm ritus

360.0 411.0 581.0 39.0 quidam, non vſque adeò certè neceſſaria eſt, mo¬

359.0 444.0 578.0 40.0 dò preces adhibeantur in confirmando electo,

357.0 476.0 579.0 41.0 & Eccleſia vniuerſa vota ſua eum eo coniungat,

358.0 508.0 577.0 41.0 vt ſpiritu Dei corroboretur. Id verum eſſe appa¬

356.0 540.0 579.0 42.0 ret, quòd Paulus ipſe non ſemper hac voce & cæ¬

357.0 574.0 579.0 40.0 remonia vtitur, cùm de electione Epiſcoporum

357.0 603.0 263.0 43.0 agit. vti Tit.1. verſ.5.

389.0 635.0 548.0 44.0 Deinde quòd etiam ipſis Papiſtis & canoni¬

355.0 668.0 579.0 42.0 bus teſtibus, non requiritur hæc impoſitio ma¬

353.0 703.0 581.0 36.0 nuum in omnibus ordinibus & dignitatibus Ec¬

353.0 734.0 582.0 39.0 cleſiaſticis veluti in acolytho, & Subdiaconis or¬

353.0 766.0 581.0 40.0 dinandis, vt expreſſe refertur can. Subdiaconus &

352.0 798.0 579.0 45.0 cano.ſeq. diſtinct. 24. quicquid ibi gloſſa gloſſet,

353.0 830.0 167.0 37.0 & diſtinguat.

388.0 862.0 543.0 43.0 Tertiò, quod etiam ipſis Papiſtis teſtibus, vis

352.0 898.0 579.0 38.0 tota huius impoſitionis manuum à precibus pẽ¬

351.0 929.0 579.0 35.0 deat, nõ ab ipſo ritu & iniectione manuum in or¬

350.0 962.0 582.0 37.0 dinandos, adeò vt ſit tantùm illa cæremonia ſi¬

351.0 995.0 581.0 37.0 gnum quoddam externũ commendationis cuiuſ¬

349.0 1025.0 582.0 40.0 dam, quæ à tota Eccleſia fit Deo, illius perſonæ,

350.0 1058.0 583.0 39.0 quæ iam electa eſt, & quæ in poſſeſſionem ſui

348.0 1090.0 581.0 40.0 muneris eſt mittenda Vnde præter miſſa preca¬

347.0 1123.0 581.0 40.0 tione nihil omnino valet & efficit ipſa manuum

343.0 1154.0 584.0 52.0 impoſitio, etiam ab Epiſcopo facta vt eſt in cano

759.0 1188.0 163.0 49.0 Quorundam
