1000 1448
364.0 105.0 57.0 32.0 218

467.0 89.0 384.0 42.0 AD I. PAVL. AD TIM.

362.0 123.0 579.0 52.0 nachatu, poſſe homines placere Deo. Bernard.in

362.0 158.0 578.0 47.0 in ſermo. in Pſal. Audiam:tam coniugatos, quàm

363.0 191.0 578.0 51.0 Monachos eſſe ſaluandos affirmat, & idem in ſer¬

364.0 228.0 364.0 42.0 mone 66.in Canticum cantic.

398.0 256.0 544.0 45.0 Eorum genera fuerunt primùm duo tantùm,

364.0 289.0 578.0 48.0 Eremitarum, & Cœnobitarum, vt ait Sozomen.

364.0 322.0 579.0 49.0 lib.3.cap.16. Quæ multiplicata poſtea, vt docet

365.0 355.0 578.0 48.0 Euagrius lib.1 cap.21. in quatuor excreuerunt, vti

366.0 386.0 573.0 49.0 etiam ex Caſſiano apparet Collat. 18.cap.4. Alij

363.0 419.0 578.0 48.0 enim fuerunt Cœnobitæ, alij Anachoretæ, alij

366.0 449.0 578.0 52.0 Sarabaitæ, alij Rhomoboitæ, vt etiam docet Hie¬

365.0 484.0 581.0 48.0 rony. Cœnobitæ qui ſub vno capite in cœtu vi¬

366.0 517.0 579.0 47.0 uunt: Anachoretæ qui in cœnobiis primum inſti¬

365.0 548.0 580.0 48.0 tuti, ſeorſim poſtea vel ſinguli, vel bini in ſolitu¬

366.0 579.0 581.0 47.0 dines ſecedunt, ibíque habitant, nõ in cœtu. Ho¬

364.0 611.0 583.0 50.0 rum author fuiſſe dicitur ab aliis Paulus quidam,

366.0 646.0 581.0 46.0 ab aliis Antonius. Quod vitæ genus planè ferum

366.0 677.0 583.0 47.0 eſt & agreſte & ab ipſa hominis natura & defini¬

366.0 710.0 584.0 46.0 tione diſſentaneum, qua dicitur homo eſſe Cῶον

366.0 742.0 584.0 46.0 πολιτκὸν, & præclarè M. Tullius docet ne ſi qui¬

370.0 776.0 579.0 47.0 dem alicui omnia virgulta diuina ſuppeterent, o¬

370.0 808.0 580.0 48.0 ptaturum tamen eum vt viueret in ſolitudine &

371.0 839.0 579.0 49.0 procul à reliquis mortalibus more ferarum, quod

371.0 872.0 580.0 43.0 iſti Anachoretæ faciunt. Sarabaitæ in cellulis ha¬

373.0 903.0 579.0 49.0 bitãt, & Ana choretis ſunt peiores. homines vagi

373.0 937.0 579.0 50.0 de auari quiin Ægypto præſertim fuerunt. Rho¬

372.0 969.0 582.0 49.0 moboitæ qui terni habitant in cellulis ſuo arbi¬

373.0 1003.0 579.0 47.0 tratu viuentes, effrencs, & nulli capiti parentes.

373.0 1031.0 580.0 51.0 Hi peſſimi omnium vt in epiſt. ad Euſtoch. teſta¬

373.0 1066.0 581.0 50.0 tur Hierony. qui eos vidit. Stilidæ ſiue Columna¬

373.0 1098.0 580.0 49.0 rii à Simeone inſtituti, vt ait Euagrius, qui in co¬

374.0 1132.0 581.0 46.0 Iumnis habitant, vt nec in terra, nec in cœlo vi¬

375.0 1165.0 581.0 56.0 uere videantur. Socrat. lib.4.cap.23 4.hæc gene¬

931.0 1201.0 23.0 42.0 ra
