1000 1448
594.0 79.0 40.0 38.0 33

262.0 88.0 182.0 30.0 CAPVT V.

59.0 112.0 578.0 51.0 per cuniculos Eccleſiam Dei conatus eſt euerte¬

59.0 147.0 577.0 46.0 re. Itaquehuic & Satanæ technæ, & improbo

58.0 178.0 577.0 48.0 rum audaciæ fuit occurrendum, præcludendúſq;

59.0 213.0 578.0 43.0 huiuſmodi criminationibus aditus. Imprimis

61.0 245.0 576.0 46.0 quòd multorum accuſationi & calumnijs obno¬

59.0 277.0 578.0 44.0 xius eſſe ſolet, qui in omnium oculis verſatur, qui

60.0 311.0 577.0 45.0 in vitas omnium inquirit, qui omnium vitia re¬

59.0 340.0 577.0 47.0 prehendit, tam ſunt nimirũ homines correctio¬

60.0 372.0 577.0 47.0 nis impatientes, vt recriminatione etiam falſiſsi¬

59.0 405.0 580.0 47.0 ma ſeſe vleiſci ſtudeant aduerſus eos, à quibus

59.0 437.0 578.0 47.0 tamẽ meritò arguuntur. Eſt autẽ hoc paſtorũ of¬

58.0 472.0 580.0 46.0 ficium, vt eſt Ezechiel. 18. tanquam hominis in

58.0 501.0 579.0 48.0 ſpecula collocati qui deſpicere omnia, ac turpia

60.0 534.0 577.0 47.0 quæq; redarguere debet. Ex quo fit, vt ſint mul¬

59.0 567.0 578.0 47.0 tis odioſi, & malignorum obtrectationibus pa¬

60.0 599.0 577.0 46.0 teant, sintque obnoxij. Id quod in cauſa. Bonifa¬

57.0 632.0 579.0 47.0 cij. docet Auguſtinus. epiſt. 137. Vnde huic quo¬

61.0 665.0 573.0 46.0 que periculo cauendum & proſpiciendum fuit

62.0 699.0 574.0 44.0 Vtrunq; autem hoc malum, de quo diximus, ex¬

58.0 732.0 580.0 42.0 cludit & ſummouet canon, quem hoc loco ſancit

60.0 764.0 576.0 44.0 Paulus, aut potius Dei ipſius ſpiritus. Eſt autem

57.0 795.0 580.0 42.0 huiuſmodi, Presbyteri ne aduerſus Presbyterum

57.0 826.0 580.0 47.0 facile vel accuſationem ipſam admittunto, niſi

59.0 859.0 576.0 46.0 duorum vel trium teſtimonio crimen cùm de¬

57.0 895.0 379.0 42.0 fertur, ſit ſtatim confirmatum.

91.0 923.0 544.0 47.0 Qui canon vt commodè declaretur, ſunt hæc

57.0 958.0 374.0 45.0 tria ordine nobis perquirenda.

89.0 991.0 469.0 44.0 1 De quibus Presbyteris agat Paulus.

90.0 1023.0 330.0 46.0 2 Quid de illis præcipiat.

95.0 1063.0 11.0 38.0 8

128.0 1055.0 302.0 43.0 Cur hoc iubeat & velit.

92.0 1084.0 543.0 47.0 Primum caput facile eſt, & ex ſuperioribus

61.0 1119.0 573.0 47.0 verſiculis ſatis apparet. Agit enim de ijs, qui di¬

60.0 1154.0 573.0 55.0 gnitatis, nõ autem ætatis ratione Preſbyteri ſunt.
