1000 1448
506.0 90.0 381.0 42.0 AD I. PAVL. AD TIM.

392.0 106.0 56.0 32.0 252

392.0 120.0 576.0 52.0 neris & officij noſtri, imò verò verbi Dei, videa¬

393.0 158.0 576.0 47.0 mur impuræ libidinis ſemina quædam aut irrita¬

393.0 193.0 575.0 46.0 menta iacere. Illud enim certè eſt accipere no¬

393.0 230.0 250.0 41.0 men Dei in vanum.

435.0 265.0 538.0 53.0 3 Viduas honora quæ verè viduæ ſunt.

427.0 312.0 545.0 50.0 Πρόθεαις. Nam inter eas perſonas, quarum ma¬

398.0 345.0 576.0 48.0 xima & peculiaris quædam à nobis ratio haben¬

398.0 378.0 576.0 47.0 da eſt in Dei Eccleſia, meritò cenſentur viduæ,

399.0 415.0 577.0 43.0 de quibus idcirco hoc loco quædam præcepta

399.0 441.0 577.0 50.0 Paulus tradit. Viduarum autem, quæ in Eccleſia

399.0 475.0 578.0 49.0 verſabantur, ætate Pauli, duplex fuit genus, Vnũ

399.0 510.0 576.0 46.0 earum quæ Simpliciter viduæ erant: Alterum ea¬

398.0 537.0 580.0 53.0 rum, quæ Allectæ & cooptatæ erant in miniſte¬

399.0 572.0 579.0 48.0 rium Diaconorum. De primo genere agit primo

399.0 604.0 579.0 51.0 loco Paulus, de ſecundo poſtea hoc ipſo capite à

402.0 644.0 222.0 40.0 verſiculo 9. & ſeq.

439.0 666.0 536.0 50.0 Viduæ nobis à Deo commendantur paſſim

401.0 701.0 581.0 46.0 in ſcriptura veluti Exod. 22.verſ.22. Zach.7.verſ.

401.0 733.0 582.0 48.0 1o. Pſal.146. verſ.9. & Luc.7. verſ.12. Hæc vidua e¬

402.0 768.0 581.0 47.0 rat, & aſpexit ſuper eam Dominus. Itaque in iure

403.0 797.0 581.0 50.0 ciuili Vidua, Pupillus, & Peregrinus dicuntur Mi¬

403.0 830.0 581.0 50.0 ſerabiles perſonæ lib. 2. codic. id eſt, tales, quæ

405.0 864.0 579.0 49.0 ſint ipſæ per ſe miſeratione dignæ:nõ autem Deo

405.0 894.0 582.0 51.0 exoſæ, ſed cui ſunt plurimum curæ, vt mirum vi¬

407.0 928.0 579.0 47.0 deri non poſſit, ſi earum curam habuit Eccleſia

409.0 958.0 577.0 53.0 Dei, præſertim fidelium & piarum. Itaque hos

411.0 990.0 576.0 50.0 tres canonas de viduis ſubleuandis tradit Paulus.

448.0 1032.0 17.0 44.0 1

488.0 1023.0 496.0 46.0 Viduarum fidelium curam, quàm fieri po¬

411.0 1056.0 510.0 50.0 teſt, maximam paſtor Euangelicus habeto.

447.0 1088.0 539.0 51.0 2 Viduas egenas liberi earum qui poſſunt,

413.0 1126.0 330.0 47.0 ſine onere Eccleſiæ alunto.

460.0 1148.0 529.0 61.0 Quæ viduæ piæ ſunt & fideles & omnino

879.0 1184.0 113.0 51.0 deſtitutæ
