1000 1448
374.0 102.0 56.0 29.0 192

491.0 83.0 389.0 44.0 AD I. PAVL. AD TIM.

369.0 117.0 577.0 49.0 nobis cibos aſſumi poſſe vult, & concedit Deus,

369.0 153.0 580.0 50.0 vt tractentur, ſpectentur, conſeruentur: ſed vt e¬

368.0 186.0 579.0 47.0 dantur, conſumantur, & iis famẽ noſtram ſuble¬

367.0 218.0 580.0 49.0 uemus. Sunt enim cibi ex iſtarum rerum genere,

370.0 250.0 577.0 49.0 quæ vſu ipſo conſumuntur. Itaque in genere ſuo

369.0 283.0 579.0 44.0 functionem, vt aiunt Iuriſconſulti, recipiunt. Eſt

370.0 316.0 578.0 46.0 autẽ hic locus ex præcipuis refutationis ſuperio¬

369.0 349.0 579.0 44.0 ris erroris argumentis. Ducitur à fine, propter

371.0 382.0 578.0 43.0 quem à Deo ipſo illæ res ſunt conditæ & creatæ

370.0 415.0 580.0 46.0 Ad eum enim ſunt omnia referenda, niſi & Dei

370.0 446.0 580.0 47.0 ordinationi reſiſtere, & eius placitum euertere

370.0 477.0 580.0 49.0 impiè, at que impudenter velimus. Ergo cùm Do¬

370.0 511.0 580.0 47.0 minus hominem creaſſet, tamen noluit eum ſibi

370.0 544.0 580.0 45.0 ſuo arbitrio ex creaturis ipſius rapere ad victum

370.0 575.0 580.0 48.0 quas vellet: ſed ipſe tanquam optimus paterfa¬

370.0 606.0 582.0 46.0 milias quas & quantum vidit neceſſarias eſſe, illi

369.0 640.0 583.0 47.0 conceſſit benigniſſimé. Conceſſit autem eas, quas

370.0 674.0 474.0 43.0 cibi nomine propter vſum appellamus.

402.0 703.0 549.0 48.0 Cõfirmatur autem hoc Pauli dictum Geneſ.1.

371.0 739.0 580.0 44.0 verſ.29.9. verſ.3. Matth.15.verſ.11. & Actor.1o.V.13

371.0 769.0 583.0 49.0 Explicatur etiam à Fulgentio in lib. de Fide ad

378.0 811.0 194.0 37.0 Petrum cap.42:

403.0 831.0 551.0 46.0 Diſsimiles tamen loci quidam, qui ſolebant à

371.0 866.0 582.0 43.0 Manichæis huins érroris ſummis patronis afferri

373.0 899.0 580.0 46.0 & à Papiſtis etiã regerũtur, ſunt ſanè à nobis di¬

374.0 931.0 579.0 47.0 luendi. Ac primùm Papiſtæ excipiunt, cibos iſtos

373.0 966.0 580.0 44.0 non ipſos per ſe ſuæque ſubſtantiæ ratione pol¬

373.0 997.0 580.0 45.0 luere edentes, ſed propter Eccleſiæ prohibi¬

373.0 1031.0 581.0 40.0 tionem & authoritatem, quæ violatur à ſumenti¬

374.0 1061.0 580.0 45.0 bus. Reſpondeo verò ipſam Eccleſiam id prohi¬

377.0 1094.0 577.0 45.0 bere non poſſe. Neque enim in res alienas ius

374.0 1127.0 580.0 44.0 habet, neque conſcientijs noſtris legem & iugum

376.0 1160.0 579.0 61.0 imponere poteſt, quod Dominus ipſe non impo¬

897.0 1196.0 59.0 48.0 ſuit.
