1000 1448
352.0 106.0 59.0 32.0 216

470.0 94.0 377.0 43.0 AD I. PAVL. AD TIM.

349.0 122.0 583.0 54.0 ad quendam Ammoniũ virum Ægyptium & cõ¬

349.0 160.0 584.0 47.0 iugem. Eremitarum enim author fuit Salas, vt ait

350.0 191.0 582.0 49.0 Nicephorus, quanquam Iſidorus in lib. de Offi¬

350.0 223.0 580.0 48.0 cijs non tantùm à Ioanne Baptiſta: ſed etiam ab

352.0 258.0 578.0 46.0 vſque Elia Propheta huius vitę primordia repe¬

353.0 292.0 581.0 44.0 tit, tam eſt bonus Monachorum patronus. Cer¬

352.0 320.0 580.0 50.0 tatim igitur omnes ingenij ſui aciem in hoc vitæ

354.0 354.0 577.0 46.0 genus extollendum contulerunt. Alii enim, vt

353.0 382.0 577.0 49.0 Ambroſius epiſt.82. Monaſteria ſcholas & offici¬

353.0 419.0 579.0 42.0 nas virtutum appellarunt, Chryſoſtom.dixit, Vt

353.0 449.0 580.0 49.0 in cœlo ſunt aſtra:ſic in terra eſſe ordines diuer¬

353.0 483.0 577.0 47.0 ſos Monachorũ. Alius dixit, vt è paradiſo terre¬

356.0 515.0 577.0 47.0 ſtri quatuor flumina fluebant, ſic ex Eccleſia

354.0 547.0 579.0 45.0 quatuor Monachorum ordines extitiſſe. Alius, ve¬

356.0 580.0 578.0 48.0 lut Hieronym. & Bernard. ſuſceptionem Mona¬

356.0 614.0 578.0 44.0 chiſmi vocat ſeçundum Baptiſmum, per quem

358.0 647.0 576.0 44.0 remiſſio omnium peccatorum obtineatur. Alius

358.0 678.0 577.0 46.0 Monachiſmum eſſe dixit Angelicam vitam, vt

360.0 707.0 575.0 49.0 Thomiſtæ omnes, quò ſibi maiores in vitæ ſuæ

358.0 740.0 577.0 47.0 errore delicias faciant. Nos & ex ſuperſtitione

358.0 773.0 578.0 47.0 primum inuentum eſſe hoc vitæ inſtitutum de¬

359.0 806.0 578.0 46.0 fendimus: & merè eſſe Diabolicum, cùm pars

362.0 839.0 574.0 44.0 quædam cultus Dei, & vitæ ſanctitatis in hoc ex¬

364.0 870.0 573.0 47.0 terno rerũgenere poſita ſit, & præter Dei verbũ

362.0 905.0 363.0 44.0 ſalutaris, & beata vita definita.

393.0 932.0 542.0 47.0 Etſi enim admittimus minus fuiſſe olim cor¬

360.0 969.0 574.0 44.0 ruptos Monachorum mores, quàm nunc ſunt,

361.0 998.0 577.0 47.0 tamen hæc ipſa vitæ inſtitutio fuit à Chriſti vita

362.0 1030.0 574.0 47.0 prorſus aliena, & ſuperſtitionis plena, & nulla a¬

360.0 1062.0 578.0 45.0 lia de cauſa, niſi ex ἐθελοθρηβεεία & idololatrica

360.0 1094.0 577.0 45.0 rerum externarum admiratione inuenta, & fu¬

362.0 1127.0 576.0 48.0 ſcepta. Admitto igitur quod de Monachis ſuæ æ¬

361.0 1160.0 570.0 56.0 tatis ſcribit Chryſoſt. Homill. 14. in Timoth.5.
