1000 1448
588.0 69.0 41.0 47.0 375

239.0 87.0 176.0 30.0 CAPVT V.

56.0 110.0 578.0 47.0 ciborum ſibi indicunt propter illud Pauli in ea¬

57.0 145.0 578.0 45.0 dem epiſtad Roma.14. verſ.21. Bonum eſt nõ veſ

57.0 177.0 579.0 47.0 ci carnibus: neque bibere vinum: & illud etiam

59.0 209.0 574.0 44.0 quod eſt 1.Corinth.8.verſ.13 ſi eſca facir, vt offen¬

59.0 245.0 575.0 42.0 dat frater meus, non veſcar carnibus in ærernum.

63.0 275.0 572.0 45.0 Vtróq; modo, hoc nimirũ, & ſuperiore in Chri¬

58.0 307.0 578.0 45.0 ſtiana Eccleſia grauiter peccatum eſt, & penè

59.0 341.0 578.0 45.0 primis eccleſie temporibus, dum inconſiderato

60.0 371.0 577.0 47.0 quodam ſanctitatis zelo homines ducuntur. At¬

60.0 406.0 579.0 41.0 que hic finis proximè à nobis commemoratus

60.0 436.0 579.0 45.0 ex eo ſatis refutatur, quòd Pauli dictum conditio

60.0 472.0 579.0 43.0 naliter & κατὰ τι prolatum tanquam ſimpliciter

60.0 502.0 581.0 45.0 ſit dictum & effatum iſti accipiunt. Docet enim

60.0 533.0 577.0 46.0 Paul. quibuſdam cibis abſtinẽdum tũc, cùm pro¬

61.0 567.0 580.0 43.0 ximi ædificatio, & iuſta ratio id exigit: non autem

62.0 600.0 579.0 43.0 ex voto id fieri vult, neque ſimpliciter & omni¬

63.0 631.0 578.0 43.0 no. Verus igitur & legitimus huiuſmodi ciborũ

61.0 664.0 580.0 43.0 abſtinentiæ finis, iſque probandus, eſt ille, quem

62.0 696.0 577.0 46.0 ſcriptura præſcribit. Eſt autẽ is duplex vel Car¬

61.0 727.0 580.0 47.0 nis noſtræ extraordinaria mortificatjo, vel Infir¬

62.0 761.0 578.0 46.0 morum fratrum ratio & ædificatio, qui ad tẽpus

64.0 795.0 271.0 40.0 ſunt tolerandi à nobis.

95.0 823.0 547.0 48.0 Primus finis commemoratur à Paulo 1.Corin.

63.0 859.0 578.0 46.0 9. verſ.27. contundo corpus meum, & in ſeruitu¬

61.0 890.0 580.0 45.0 tem redigo. Item Coloſſ2.verſ.23. Sic ieiunium

62.0 922.0 580.0 41.0 inſtitutum & vſum habuit in Dei Eccleſia vel à

64.0 957.0 577.0 42.0 tota, vel ab vno aliquo priuatim ſuſceptum. Atq;

65.0 987.0 577.0 45.0 certè ibi rectè obſeruat Chryſoſtomus dici à Pau

66.0 1019.0 580.0 46.0 lo Castigo: & in ſeruitutem redigo:non dixit, per¬

60.0 1051.0 586.0 40.0 edo & Punio. Non enim inimica caro eſt, ſed casti

68.0 1085.0 578.0 46.0 go, & redigo in ſeruitutem, quod Domini eſt, nõ

69.0 1119.0 580.0 45.0 hoſtis: magiſtri, non inimici: exercitatoris, non

67.0 1151.0 578.0 50.0 adu erſarij Bernad. ſermo. 66.in Cantico. docet.

530.0 1180.0 20.0 20.0 ..

490.0 1186.0 77.0 41.0 A.iii.
