1000 1448
354.0 86.0 466.0 41.0 322 AD I. PAVL. AD TIM.

349.0 111.0 576.0 60.0 gnouit, Theodorit. lib.5.Hiſtor. cap.18. & Sozom¬

350.0 151.0 524.0 52.0 lib.7, cap.24. Atque hic locus eſt vtiliſſimus.

382.0 184.0 547.0 50.0 Aliquot igitur quæſtiones in hoc argumento

351.0 215.0 579.0 52.0 ſunt nobis explicandæ, quæ magnum in exercen¬

355.0 247.0 575.0 51.0 da diſciplina Eccleſiaſtica vſum habere ſolent.

357.0 287.0 278.0 43.0 Ac primùm quæritur.

386.0 312.0 544.0 51.0 In quo peccati genere locũ hæc publica exo¬

357.0 343.0 577.0 51.0 mologeſis habere debeat. Reſp. Cùm differat

356.0 375.0 576.0 49.0 iuriſdictio ciuilis ab Eccleſiaſtica, & hęc tantùm

358.0 410.0 576.0 46.0 voluntaria ſit, illa verò contentioſa: hæc ſolius

358.0 440.0 580.0 55.0 pœnitentiæ animíque ſalutis teſtificandæ gratia

358.0 474.0 579.0 52.0 comparata ſit: illa publicæ tranquillitatis tuendæ

357.0 508.0 582.0 48.0 cauſà ſit conſtituta: in eo tantùm locum habere¬

359.0 537.0 577.0 54.0 poſſe ſiue publicam ſiue priuatam delicti confeſ¬

360.0 571.0 579.0 50.0 ſionem, qui agnoſcit ſe deliquiſſe, ídque ſponte

360.0 604.0 579.0 50.0 fateri paratus eſt. Nã in eo qui negat à ſe pecca¬

362.0 633.0 580.0 53.0 tum eſſe (quia vel factum ipſum à ſe commiſ¬

363.0 667.0 578.0 53.0 ſum pernegat, vel hoc ſuum factum negat eſſe

367.0 699.0 575.0 53.0 peccatum, & damnandum) nulla certè vel publi¬

364.0 733.0 579.0 52.0 ca vel priuata exomologeſis propriè locum ha¬

365.0 765.0 577.0 48.0 bere poteſt, etſi hic teſtibus ipſis fuerit in ſenatu

365.0 800.0 577.0 47.0 Eccleſiæ conuictus feciſſe Id, quod tamen perne¬

368.0 830.0 578.0 52.0 gat. Itaque huiuſmodi pertinax eſt ad magiſtra¬

368.0 864.0 578.0 50.0 tum remittendus, vt de facto ipſo amplius inqui¬

368.0 898.0 579.0 48.0 rat. Sed tamen obſtinatum hominem & peruica¬

370.0 929.0 577.0 49.0 ceni Lecieria nonnunquam excommunicatione

370.0 959.0 580.0 51.0 aut ſuſpenſione Cœnæ perſtringere poteſt, id eſt

370.0 990.0 580.0 49.0 ſi factum à ſe commiſſum eſſe agnoſcens, tantùm

372.0 1023.0 578.0 51.0 qualitatem facti, id eſt, ἀνομίαν & turpitudinem il¬

371.0 1057.0 580.0 50.0 lius non vult talem videre, & idcirco non pœ¬

370.0 1090.0 584.0 49.0 nitere. Negantem autem id à ſe, de quo accuſatur

374.0 1123.0 580.0 45.0 factum, nunquam Eccleſia damnabit, neque ad

374.0 1154.0 580.0 58.0 confeſsionem delicti, in cuius perpetrati dene¬

854.0 1193.0 99.0 41.0 gations
