1000 1448
375.0 90.0 477.0 40.0 302 AD I. PAVL. AD TIM.

368.0 122.0 574.0 47.0 fit ab illis videtúrque inuentum. Quanquam ta¬

370.0 155.0 575.0 50.0 men operæpretium eſt ad conſeruandam fidei

368.0 189.0 575.0 43.0 concordiã, & vnionem tum doctrinæ tum chari¬

369.0 221.0 574.0 46.0 tatis electum epiſcopum quærere & habere ma¬

369.0 253.0 574.0 47.0 nus aſſociationem à vicinis epiſcopis & paſtori¬

371.0 285.0 573.0 45.0 bus: quã ſe ab aliis Apoſtolis accepiſſe teſtatur

370.0 319.0 574.0 47.0 Paulus Galat.2.verſ. 9. & concilio Mileuit cano.

371.0 352.0 574.0 45.0 15.ordinati in vna eccleſia aliis epiſcopis vicinis

368.0 382.0 576.0 49.0 ſtatim ſignificabantur publico ſcripto miſſo ab

370.0 416.0 576.0 44.0 ordinatoribus: ſed præciſè tres alios epiſcopos

370.0 448.0 576.0 47.0 accerſere &aduocare eſt planè eccleſiis graue &

370.0 481.0 577.0 45.0 oneroſum, tamẽ Græcanicę eccleſię ſtudioſè, vti

371.0 514.0 577.0 45.0 faſtum omnem externum, & alia pompernalia

370.0 546.0 580.0 45.0 retinuerunt, quemadmodum apparet ex Hiſtoria

374.0 579.0 572.0 46.0 Euagrij lib.2.cáp.8. Socrat.lib.5.cap.7.lib.4.cap.

375.0 614.0 292.0 44.0 3.cano. epiſcopus diſt.23.

403.0 641.0 547.0 45.0 Item conſtitutum erat & obſeruatum in iſta

372.0 676.0 578.0 44.0 ordinationevt epiſcopus non niſi in vrbe metro¬

373.0 708.0 578.0 47.0 politana confirmaretur, vt ex concilio Toletano

374.0 741.0 530.0 48.0 apparet & eſt in cano. Qui in aliquo Diſt.62.

406.0 772.0 544.0 47.0 Denique niſi electus curaret ſeſe intra quin¬

374.0 804.0 577.0 48.0 que menſes conſecrandum ab Archiepiſcopo ſuo

374.0 837.0 577.0 46.0 amitteret ius ſibi quæſitum cano. Quoniam Diſt.

374.0 870.0 580.0 47.0 100. Sed hæc omnia cuiuſque eccleſiæ iudicio

374.0 903.0 580.0 44.0 funt relinquenda, quando quis ſit ordinandus, &

376.0 933.0 578.0 50.0 cligendus. Nam velle præciſè vt ab Archiepiſco¬

378.0 970.0 577.0 45.0 po quis confirmetur & ordinetur, vtque in vrbe

378.0 999.0 578.0 47.0 metropolitana, id planè redolet veterem tyran¬

378.0 1032.0 580.0 45.0 nidem Antichriſti, quæ prorſus eſt in eccleſia

379.0 1064.0 577.0 47.0 Chriſtiana abolenda: & quilibet paſtor melius in¬

378.0 1096.0 580.0 49.0 ter gregem ſibi deſtinandũconfirmatur. Demum

378.0 1130.0 580.0 44.0 additæ ſunt quædam veſtes à communibus diuer

379.0 1161.0 579.0 52.0 ſæ, & ornamẽta, vt auguſtior haberetur inaugu¬

894.0 1195.0 68.0 43.0 ratio
