<?xml version="1.0" encoding="UTF-8"?>
<alto xmlns:xsi="http://www.w3.org/2001/XMLSchema-instance"
      xmlns="http://www.loc.gov/standards/alto/ns-v4#"
      xsi:schemaLocation="http://www.loc.gov/standards/alto/ns-v4# http://www.loc.gov/standards/alto/v4/alto-4-2.xsd">
  <Description>
    <MeasurementUnit>pixel</MeasurementUnit>
    <sourceImageInformation>
      <fileName>2013316.png</fileName>
    </sourceImageInformation>
  </Description>
  <Tags>
    <OtherTag ID="BT7" LABEL="CustomZone" DESCRIPTION="block type CustomZone"/><OtherTag ID="BT8" LABEL="DamageZone" DESCRIPTION="block type DamageZone"/><OtherTag ID="BT9" LABEL="DigitizationArtefactZone" DESCRIPTION="block type DigitizationArtefactZone"/><OtherTag ID="BT10" LABEL="DropCapitalZone" DESCRIPTION="block type DropCapitalZone"/><OtherTag ID="BT11" LABEL="GraphicZone" DESCRIPTION="block type GraphicZone"/><OtherTag ID="BT12" LABEL="MainZone" DESCRIPTION="block type MainZone"/><OtherTag ID="BT13" LABEL="MarginTextZone" DESCRIPTION="block type MarginTextZone"/><OtherTag ID="BT14" LABEL="MusicZone" DESCRIPTION="block type MusicZone"/><OtherTag ID="BT15" LABEL="NumberingZone" DESCRIPTION="block type NumberingZone"/><OtherTag ID="BT17" LABEL="QuireMarksZone" DESCRIPTION="block type QuireMarksZone"/><OtherTag ID="BT18" LABEL="RunningTitleZone" DESCRIPTION="block type RunningTitleZone"/><OtherTag ID="BT19" LABEL="SealZone" DESCRIPTION="block type SealZone"/><OtherTag ID="BT20" LABEL="StampZone" DESCRIPTION="block type StampZone"/><OtherTag ID="BT21" LABEL="TableZone" DESCRIPTION="block type TableZone"/><OtherTag ID="BT22" LABEL="TitlePageZone" DESCRIPTION="block type TitlePageZone"/>
    <OtherTag ID="LT7" LABEL="CustomLine" DESCRIPTION="line type CustomLine"/><OtherTag ID="LT8" LABEL="DefaultLine" DESCRIPTION="line type DefaultLine"/><OtherTag ID="LT9" LABEL="DropCapitalLine" DESCRIPTION="line type DropCapitalLine"/><OtherTag ID="LT10" LABEL="HeadingLine" DESCRIPTION="line type HeadingLine"/><OtherTag ID="LT11" LABEL="InterlinearLine" DESCRIPTION="line type InterlinearLine"/><OtherTag ID="LT12" LABEL="MusicLine" DESCRIPTION="line type MusicLine"/><OtherTag ID="LT275" LABEL="default" DESCRIPTION="line type default"/>
  </Tags>
  <Layout>
    <Page WIDTH="1000"
          HEIGHT="1448"
          PHYSICAL_IMG_NR="222"
          ID="eSc_dummypage_">
      <PrintSpace HPOS="0"
                  VPOS="0"
                  WIDTH="1000"
                  HEIGHT="1448">
        <TextBlock HPOS="362.6896057128906"
                   VPOS="98.3729019165039"
                   WIDTH="65.8341064453125"
                   HEIGHT="31.02167510986328"
                   ID="block_1"
                   TAGREFS="BT15">
          <Shape><Polygon POINTS="362.69 98.3729 428.524 98.3729 428.524 129.395 362.69 129.395 362.69 98.3729"/></Shape>
          <TextLine ID="line_0"
                    TAGREFS="LT275"
                    BASELINE="369 119 449 119" 
                    HPOS="369.0"
                    VPOS="106.0"
                    WIDTH="80.0"
                    HEIGHT="31.0">
            <Shape><Polygon POINTS="441 106 433 106 425 106 417 106 409 106 401 106 393 106 385 106 377 106 369 106 369 119 369 133 381 137 382 137 382 137 383 137 399 132 413 137 414 137 415 137 415 137 416 137 426 128 428 127 449 127 449 119 449 106 441 106"/></Shape>
	    <String CONTENT="404"
                    HPOS="369.0"
                    VPOS="106.0"
                    WIDTH="80.0"
                    HEIGHT="31.0"
                    WC="0.999973734219869"></String>
          </TextLine>
        </TextBlock>
        <TextBlock HPOS="471.19488525390625"
                   VPOS="89.41200256347656"
                   WIDTH="400.088134765625"
                   HEIGHT="38.39471435546875"
                   ID="block_2"
                   TAGREFS="BT18">
          <Shape><Polygon POINTS="471.195 89.412 871.283 89.412 871.283 127.807 471.195 127.807 471.195 89.412"/></Shape>
          <TextLine ID="line_1"
                    TAGREFS="LT275"
                    BASELINE="467 119 867 115" 
                    HPOS="466.0"
                    VPOS="91.0"
                    WIDTH="401.0"
                    HEIGHT="39.0">
            <Shape><Polygon POINTS="764 106 756 106 748 106 740 106 732 106 724 106 716 106 707 106 699 106 691 106 683 106 675 106 667 106 661 106 659 106 651 106 643 106 635 106 627 106 619 106 616 106 611 106 603 106 599 106 598 107 590 106 587 106 579 106 571 106 563 106 555 106 547 106 539 106 536 107 535 107 534 106 530 106 522 106 514 106 506 106 498 106 490 106 482 106 474 106 470 106 466 108 467 119 467 123 483 129 484 129 485 130 524 130 524 129 525 129 526 129 534 123 534 123 550 127 551 127 551 127 588 123 588 123 597 128 598 128 599 128 600 128 600 128 615 123 617 122 618 123 632 127 633 127 633 127 683 122 695 121 702 122 726 127 727 127 763 126 764 126 765 126 765 125 769 122 771 120 787 120 790 122 793 125 794 125 794 125 795 125 796 125 805 122 808 120 811 122 818 125 819 125 820 125 867 121 867 115 866 96 855 91 855 91 854 91 782 92 781 92 767 99 764 100 764 106"/></Shape>
	    <String CONTENT="AD I. PAVL. AD TIM."
                    HPOS="466.0"
                    VPOS="91.0"
                    WIDTH="401.0"
                    HEIGHT="39.0"
                    WC="0.9804054310447291"></String>
          </TextLine>
        </TextBlock>
        <TextBlock HPOS="362.5050048828125"
                   VPOS="132.3251190185547"
                   WIDTH="590.7385864257812"
                   HEIGHT="1071.9187774658203"
                   ID="block_3"
                   TAGREFS="BT12">
          <Shape><Polygon POINTS="362.505 132.325 953.244 132.325 953.244 1204.24 362.505 1204.24 362.505 132.325"/></Shape>
          <TextLine ID="line_2"
                    TAGREFS="LT275"
                    BASELINE="366 159 946 152" 
                    HPOS="366.0"
                    VPOS="126.0"
                    WIDTH="580.0"
                    HEIGHT="45.0">
            <Shape><Polygon POINTS="366 159 366 171 485 169 487 169 512 164 560 168 561 168 617 164 623 167 625 168 625 168 626 168 638 167 679 163 747 165 788 166 789 166 945 161 946 152 943 126 877 132 802 130 801 130 800 130 792 134 721 131 720 131 720 131 703 135 688 131 684 130 683 130 683 130 675 131 654 135 637 131 625 129 624 129 608 132 595 135 584 133 572 130 571 130 525 130 524 130 523 130 514 135 509 137 485 135 438 131 437 131 436 131 424 136 421 138 414 136 390 131 389 131 388 131 366 137 366 159"/></Shape>
	    <String CONTENT="nibus licet nobis communicare cum excommu¬"
                    HPOS="366.0"
                    VPOS="126.0"
                    WIDTH="580.0"
                    HEIGHT="45.0"
                    WC="0.9938237425826845"></String>
          </TextLine>
          <TextLine ID="line_3"
                    TAGREFS="LT275"
                    BASELINE="365 193 946 186" 
                    HPOS="364.0"
                    VPOS="159.0"
                    WIDTH="582.0"
                    HEIGHT="46.0">
            <Shape><Polygon POINTS="365 193 365 201 508 205 509 205 558 199 568 198 571 199 581 204 582 204 583 204 617 199 624 202 625 202 625 202 626 202 634 198 636 197 641 198 664 202 665 202 666 202 677 197 680 197 700 197 800 201 801 201 802 201 818 196 821 195 827 196 855 199 855 199 856 199 871 195 874 194 946 194 946 186 946 164 928 160 927 160 926 160 900 164 899 164 872 159 872 159 816 164 771 160 770 160 769 160 747 166 724 161 724 161 723 161 722 161 716 167 715 167 711 167 663 161 662 161 662 161 661 161 652 168 650 168 641 168 539 163 539 163 538 163 537 163 528 168 527 169 499 169 498 169 493 165 493 165 492 165 491 165 438 169 423 165 423 165 422 165 421 165 407 170 406 170 385 164 384 164 383 164 382 164 364 170 365 193"/></Shape>
	    <String CONTENT="nicato, quę publica pax &amp; ciuitatis politia &amp; ra¬"
                    HPOS="364.0"
                    VPOS="159.0"
                    WIDTH="582.0"
                    HEIGHT="46.0"
                    WC="0.9889016485214234"></String>
          </TextLine>
          <TextLine ID="line_4"
                    TAGREFS="LT275"
                    BASELINE="366 224 945 218" 
                    HPOS="365.0"
                    VPOS="193.0"
                    WIDTH="580.0"
                    HEIGHT="43.0">
            <Shape><Polygon POINTS="366 224 366 235 446 236 447 236 448 236 452 234 465 230 511 234 526 235 527 235 528 235 530 234 540 230 563 230 568 234 569 234 570 234 571 234 572 234 582 234 623 229 656 233 665 234 666 234 671 233 685 230 690 233 691 234 692 234 693 234 694 234 720 232 761 230 768 232 771 233 772 233 773 233 780 231 800 227 832 231 843 232 843 232 850 231 871 226 890 230 895 231 896 231 944 230 945 218 942 193 900 197 890 193 888 193 888 193 887 193 841 193 840 193 839 193 839 194 832 199 792 199 784 195 779 193 778 193 777 193 764 196 748 199 744 196 741 194 740 194 740 194 739 194 728 197 716 199 708 197 701 194 700 194 699 194 699 194 698 194 698 195 695 197 692 200 660 197 615 195 614 195 593 199 584 201 551 200 483 198 482 198 444 202 439 202 436 202 381 197 380 197 379 197 365 203 366 224"/></Shape>
	    <String CONTENT="tio cum eo agere poſtulat, veluti habet ſuffragiũ"
                    HPOS="365.0"
                    VPOS="193.0"
                    WIDTH="580.0"
                    HEIGHT="43.0"
                    WC="0.9977977275848389"></String>
          </TextLine>
          <TextLine ID="line_5"
                    TAGREFS="LT275"
                    BASELINE="366 256 944 250" 
                    HPOS="366.0"
                    VPOS="224.0"
                    WIDTH="578.0"
                    HEIGHT="43.0">
            <Shape><Polygon POINTS="366 256 366 267 943 260 944 250 942 230 862 224 861 224 804 230 802 230 802 230 779 225 778 225 750 230 746 231 687 231 684 230 677 226 676 226 675 226 674 226 674 226 668 230 666 231 653 230 609 227 609 227 608 227 595 230 590 232 588 230 584 227 584 227 583 227 563 227 562 227 561 227 560 227 555 231 553 232 547 231 530 227 530 227 529 227 528 227 523 231 522 231 520 231 506 228 505 228 504 228 503 228 500 231 498 233 494 231 487 228 486 228 485 228 464 231 452 233 440 231 423 229 422 229 421 229 420 229 418 231 415 234 366 232 366 256"/></Shape>
	    <String CONTENT="in creando Magiſtratu vnà cum reliquis ciuibus."
                    HPOS="366.0"
                    VPOS="224.0"
                    WIDTH="578.0"
                    HEIGHT="43.0"
                    WC="0.9824191803733507"></String>
          </TextLine>
          <TextLine ID="line_6"
                    TAGREFS="LT275"
                    BASELINE="366 288 943 283" 
                    HPOS="366.0"
                    VPOS="260.0"
                    WIDTH="577.0"
                    HEIGHT="40.0">
            <Shape><Polygon POINTS="366 288 366 300 558 296 562 297 571 300 572 300 572 300 573 300 584 297 590 296 598 297 614 300 615 300 616 300 623 296 625 296 633 296 654 300 654 300 655 300 666 296 670 295 674 296 684 300 685 300 686 300 750 300 750 300 772 295 777 294 790 295 846 299 847 299 872 294 876 293 942 293 943 283 941 260 796 264 789 261 788 260 787 260 786 260 779 261 740 265 662 261 648 261 647 261 646 261 646 261 646 262 638 266 494 263 462 262 461 262 460 262 458 263 442 267 366 263 366 288"/></Shape>
	    <String CONTENT="Itaque licet cum eo, tanquam cum ciue, agere &amp;"
                    HPOS="366.0"
                    VPOS="260.0"
                    WIDTH="577.0"
                    HEIGHT="40.0"
                    WC="0.9870274364948273"></String>
          </TextLine>
          <TextLine ID="line_7"
                    TAGREFS="LT275"
                    BASELINE="367 320 943 316" 
                    HPOS="366.0"
                    VPOS="296.0"
                    WIDTH="577.0"
                    HEIGHT="37.0">
            <Shape><Polygon POINTS="367 320 367 333 433 327 456 330 457 330 553 326 586 331 593 332 594 332 786 331 786 331 791 329 799 324 942 326 943 316 942 296 375 296 374 296 374 296 366 299 367 320"/></Shape>
	    <String CONTENT="communicare: non autem tanquam cum fratre,"
                    HPOS="366.0"
                    VPOS="296.0"
                    WIDTH="577.0"
                    HEIGHT="37.0"
                    WC="0.9940685232480367"></String>
          </TextLine>
          <TextLine ID="line_8"
                    TAGREFS="LT275"
                    BASELINE="368 353 946 349" 
                    HPOS="367.0"
                    VPOS="323.0"
                    WIDTH="579.0"
                    HEIGHT="43.0">
            <Shape><Polygon POINTS="368 353 368 361 440 366 441 366 442 366 443 366 448 362 545 365 546 365 547 365 557 361 567 365 568 365 569 365 570 365 571 365 576 361 597 365 598 365 623 361 628 360 640 361 701 364 702 364 946 359 946 349 943 325 805 329 802 327 797 323 796 323 795 323 794 323 794 323 782 327 777 329 748 328 703 325 703 325 689 329 683 329 680 329 673 325 672 325 671 325 613 329 605 329 601 329 560 324 559 324 559 324 558 324 551 329 544 324 543 324 543 324 542 324 541 324 529 330 528 330 497 324 496 324 395 325 367 332 368 353"/></Shape>
	    <String CONTENT="vel Chriſtiano. Manet enim excommunicatus e¬"
                    HPOS="367.0"
                    VPOS="323.0"
                    WIDTH="579.0"
                    HEIGHT="43.0"
                    WC="0.9989598799835552"></String>
          </TextLine>
          <TextLine ID="line_9"
                    TAGREFS="LT275"
                    BASELINE="368 385 944 381" 
                    HPOS="367.0"
                    VPOS="357.0"
                    WIDTH="577.0"
                    HEIGHT="40.0">
            <Shape><Polygon POINTS="368 385 368 394 593 397 594 397 670 392 674 392 675 392 706 396 707 396 707 396 723 391 724 391 725 391 732 395 733 395 734 396 828 396 828 395 829 395 830 395 837 390 838 390 839 390 850 394 851 394 851 394 852 394 853 394 859 390 860 390 943 390 944 381 942 359 790 362 777 359 766 357 765 357 765 357 760 359 756 361 739 359 724 357 723 357 722 357 719 359 713 362 654 362 646 359 642 357 641 357 607 357 606 357 605 357 600 359 592 362 542 359 534 359 533 359 527 359 480 364 458 359 455 359 454 359 367 359 368 385"/></Shape>
	    <String CONTENT="tiam ciuis, quanquam frater propriè non manet."
                    HPOS="367.0"
                    VPOS="357.0"
                    WIDTH="577.0"
                    HEIGHT="40.0"
                    WC="0.9969119784679819"></String>
          </TextLine>
          <TextLine ID="line_10"
                    TAGREFS="LT275"
                    BASELINE="369 418 945 414" 
                    HPOS="368.0"
                    VPOS="386.0"
                    WIDTH="577.0"
                    HEIGHT="44.0">
            <Shape><Polygon POINTS="369 418 369 427 436 426 439 427 444 430 445 430 446 430 471 427 487 425 515 427 566 429 567 429 643 425 664 424 674 425 713 428 714 428 739 424 744 423 759 424 828 427 829 427 830 427 845 423 847 423 858 423 932 427 933 427 934 427 945 422 945 414 943 393 903 386 902 386 901 386 887 392 869 386 868 386 868 386 867 386 855 392 794 387 793 387 792 387 778 394 728 394 716 387 715 387 714 387 713 387 701 394 690 389 689 389 649 388 648 388 647 388 646 388 639 394 585 390 584 390 545 394 534 389 534 389 533 389 506 394 485 389 484 389 483 389 426 395 425 395 373 390 372 390 371 390 370 390 370 390 370 390 368 392 369 418"/></Shape>
	    <String CONTENT="Nec obſtat quod ait 2. Theſſ.3. verſ.15. Paulus"
                    HPOS="368.0"
                    VPOS="386.0"
                    WIDTH="577.0"
                    HEIGHT="44.0"
                    WC="0.9805477971726275"></String>
          </TextLine>
          <TextLine ID="line_11"
                    TAGREFS="LT275"
                    BASELINE="368 450 946 447" 
                    HPOS="367.0"
                    VPOS="419.0"
                    WIDTH="579.0"
                    HEIGHT="41.0">
            <Shape><Polygon POINTS="368 450 368 460 888 456 944 459 946 447 944 427 844 419 843 419 843 419 829 426 801 419 800 419 799 419 777 425 763 420 762 420 761 420 761 420 741 427 561 421 560 421 532 427 497 422 497 422 465 429 442 429 435 423 434 423 433 423 432 423 432 423 431 423 423 428 395 424 394 424 367 429 368 450"/></Shape>
	    <String CONTENT="monete vt fratrem. Id enim quem ſenſum habeat,"
                    HPOS="367.0"
                    VPOS="419.0"
                    WIDTH="579.0"
                    HEIGHT="41.0"
                    WC="0.9860647631728131"></String>
          </TextLine>
          <TextLine ID="line_12"
                    TAGREFS="LT275"
                    BASELINE="369 482 943 478" 
                    HPOS="368.0"
                    VPOS="452.0"
                    WIDTH="575.0"
                    HEIGHT="45.0">
            <Shape><Polygon POINTS="369 482 369 497 394 496 395 496 395 496 401 491 462 491 476 496 477 496 477 496 479 496 508 490 573 493 574 493 616 489 633 493 634 493 635 493 679 489 686 494 687 494 687 494 688 494 692 494 716 489 721 493 722 493 723 493 724 493 726 493 765 489 809 493 822 493 823 493 823 493 824 493 824 493 825 493 831 488 864 492 871 493 872 493 876 492 899 488 942 491 943 478 941 452 869 456 865 453 864 452 864 452 863 452 862 452 852 454 818 460 744 460 740 456 739 455 738 455 737 455 736 455 727 456 701 460 680 460 676 457 671 453 670 453 670 453 613 453 613 453 580 459 567 460 563 459 551 454 551 454 496 454 495 454 494 454 493 454 483 460 481 462 438 462 437 461 429 455 428 455 427 455 406 455 405 455 368 462 369 482"/></Shape>
	    <String CONTENT="poſtea explicabitur. Vnde perperam Pontificij"
                    HPOS="368.0"
                    VPOS="452.0"
                    WIDTH="575.0"
                    HEIGHT="45.0"
                    WC="0.9957840363184611"></String>
          </TextLine>
          <TextLine ID="line_13"
                    TAGREFS="LT275"
                    BASELINE="370 514 947 511" 
                    HPOS="370.0"
                    VPOS="485.0"
                    WIDTH="577.0"
                    HEIGHT="37.0">
            <Shape><Polygon POINTS="370 514 370 522 946 519 947 511 946 493 914 492 907 485 906 485 905 485 905 485 846 489 831 485 830 485 829 485 784 491 777 486 776 486 775 486 774 486 773 486 758 490 752 486 751 486 750 486 749 486 748 486 748 486 737 493 723 487 722 487 721 487 695 493 688 486 687 486 687 486 686 486 607 491 568 487 567 487 567 487 566 487 557 494 545 494 535 487 534 487 534 487 514 487 514 487 513 487 489 494 478 491 477 491 477 491 370 495 370 514"/></Shape>
	    <String CONTENT="excommunicatis omnem ſui iuris in iudicio ciui¬"
                    HPOS="370.0"
                    VPOS="485.0"
                    WIDTH="577.0"
                    HEIGHT="37.0"
                    WC="0.9889003748589373"></String>
          </TextLine>
          <TextLine ID="line_14"
                    TAGREFS="LT275"
                    BASELINE="368 547 946 543" 
                    HPOS="367.0"
                    VPOS="517.0"
                    WIDTH="579.0"
                    HEIGHT="42.0">
            <Shape><Polygon POINTS="368 547 368 555 489 559 489 559 490 559 499 555 500 555 572 559 572 559 573 559 574 559 579 555 580 555 614 555 615 555 621 559 622 559 623 559 624 559 742 554 748 554 751 554 793 558 794 558 946 552 946 543 946 523 925 517 925 517 924 517 893 522 861 518 860 518 860 518 859 518 853 522 830 517 829 517 801 523 800 523 798 523 711 518 711 518 710 518 709 518 709 518 703 523 682 519 681 519 638 524 636 524 635 524 618 518 617 518 617 518 616 518 603 524 601 524 555 520 555 520 554 520 553 520 547 524 539 518 538 518 537 518 512 518 511 518 460 523 439 519 438 519 437 519 427 525 423 525 375 519 374 519 374 519 373 519 367 522 368 547"/></Shape>
	    <String CONTENT="li perſequendi poteſtatem adimunt. Etſi enim"
                    HPOS="367.0"
                    VPOS="517.0"
                    WIDTH="579.0"
                    HEIGHT="42.0"
                    WC="0.998352287845178"></String>
          </TextLine>
          <TextLine ID="line_15"
                    TAGREFS="LT275"
                    BASELINE="370 579 948 576" 
                    HPOS="370.0"
                    VPOS="551.0"
                    WIDTH="578.0"
                    HEIGHT="41.0">
            <Shape><Polygon POINTS="370 579 370 592 411 587 443 591 444 591 444 591 445 591 452 587 495 591 496 591 574 586 946 588 948 576 946 551 841 555 823 552 816 551 815 551 776 552 736 555 713 554 679 551 679 551 678 551 677 551 674 554 670 556 641 555 592 551 592 551 571 555 562 557 555 555 542 553 541 553 540 553 539 553 535 556 533 558 454 558 452 557 432 552 431 552 430 552 429 552 423 558 370 558 370 579"/></Shape>
	    <String CONTENT="poteſt excommunicatus conueniri &amp; appellari"
                    HPOS="370.0"
                    VPOS="551.0"
                    WIDTH="578.0"
                    HEIGHT="41.0"
                    WC="0.9993180050406345"></String>
          </TextLine>
          <TextLine ID="line_16"
                    TAGREFS="LT275"
                    BASELINE="369 612 944 608" 
                    HPOS="368.0"
                    VPOS="582.0"
                    WIDTH="576.0"
                    HEIGHT="41.0">
            <Shape><Polygon POINTS="369 612 369 623 592 623 592 622 592 622 595 621 607 618 697 621 712 621 713 621 717 621 742 617 819 621 825 621 826 621 827 621 846 617 942 620 944 608 942 585 827 587 817 586 780 582 779 582 778 582 770 586 761 582 761 582 760 582 759 582 758 582 750 587 748 587 732 584 731 584 682 588 675 588 670 588 621 583 620 583 563 588 560 588 559 588 497 584 496 584 495 584 481 589 459 584 458 584 401 588 391 584 390 584 390 584 389 584 368 590 369 612"/></Shape>
	    <String CONTENT="de debito, &amp; ſi qua nobis in eum actio competit:"
                    HPOS="368.0"
                    VPOS="582.0"
                    WIDTH="576.0"
                    HEIGHT="41.0"
                    WC="0.9697034657001495"></String>
          </TextLine>
          <TextLine ID="line_17"
                    TAGREFS="LT275"
                    BASELINE="369 645 948 640" 
                    HPOS="368.0"
                    VPOS="612.0"
                    WIDTH="580.0"
                    HEIGHT="45.0">
            <Shape><Polygon POINTS="369 645 369 657 398 657 398 656 399 656 399 656 407 651 455 655 464 656 465 656 465 656 466 656 466 655 473 650 564 654 565 654 617 649 625 654 627 654 628 654 629 654 724 653 725 653 733 649 764 653 768 653 769 653 769 653 770 653 781 648 805 652 810 653 810 653 811 653 814 652 827 648 839 652 843 653 843 653 844 653 947 650 948 640 947 619 929 612 928 612 927 612 926 612 905 619 868 619 851 612 851 612 850 612 790 619 747 615 746 615 745 615 744 615 739 620 658 614 657 614 567 617 566 617 556 621 537 617 536 617 535 617 534 617 522 622 456 622 444 617 444 617 405 617 404 617 403 617 386 621 380 617 379 617 378 617 378 617 377 617 376 617 368 621 369 645"/></Shape>
	    <String CONTENT="ipſe tamen ex Pontificiorum iure &amp; ſententia"
                    HPOS="368.0"
                    VPOS="612.0"
                    WIDTH="580.0"
                    HEIGHT="45.0"
                    WC="0.9980101178992878"></String>
          </TextLine>
          <TextLine ID="line_18"
                    TAGREFS="LT275"
                    BASELINE="368 677 948 674" 
                    HPOS="367.0"
                    VPOS="648.0"
                    WIDTH="581.0"
                    HEIGHT="39.0">
            <Shape><Polygon POINTS="368 677 368 684 490 683 502 684 535 687 536 687 537 687 544 684 547 682 555 683 572 686 572 686 573 686 582 683 586 682 609 683 681 686 682 686 701 682 705 682 709 682 725 686 726 686 727 686 728 686 728 686 734 682 796 686 797 686 798 686 798 686 805 682 806 681 806 682 814 686 815 686 816 686 917 682 929 686 930 686 930 686 931 686 948 680 948 674 946 650 807 650 806 650 806 650 803 651 794 654 785 651 774 648 773 648 773 648 772 648 771 648 771 649 767 651 764 654 734 652 723 651 722 651 696 652 633 655 628 653 620 649 619 649 559 649 559 649 558 649 557 649 551 654 550 655 520 655 513 654 495 649 494 649 452 654 435 656 432 654 423 649 422 649 379 649 378 649 378 649 367 654 368 677"/></Shape>
	    <String CONTENT="debitores ſuos cõuenire non poteſt, neque vllũ"
                    HPOS="367.0"
                    VPOS="648.0"
                    WIDTH="581.0"
                    HEIGHT="39.0"
                    WC="0.999641211082538"></String>
          </TextLine>
          <TextLine ID="line_19"
                    TAGREFS="LT275"
                    BASELINE="370 710 866 704" 
                    HPOS="369.0"
                    VPOS="677.0"
                    WIDTH="497.0"
                    HEIGHT="43.0">
            <Shape><Polygon POINTS="370 710 370 715 390 720 391 720 392 720 393 720 393 719 397 716 526 719 526 719 594 714 622 718 623 718 666 714 793 716 794 716 861 715 862 715 863 715 863 715 864 715 866 711 866 704 864 684 813 682 802 677 802 677 801 677 800 677 799 677 799 678 792 683 791 684 786 683 748 678 731 678 730 678 729 678 728 678 722 683 720 685 716 683 704 679 703 679 703 679 702 679 701 679 696 683 694 685 662 683 602 679 601 679 600 679 600 679 596 682 595 684 591 682 584 681 583 681 582 681 581 681 574 682 560 686 555 682 552 680 551 680 551 680 513 680 512 680 511 680 510 680 507 682 500 687 491 682 488 681 487 681 467 681 466 681 465 681 461 682 451 687 420 682 415 682 414 682 413 682 411 682 395 688 369 682 370 710"/></Shape>
	    <String CONTENT="ius ſuum iudicio &amp; in foro ciuili perſequi."
                    HPOS="369.0"
                    VPOS="677.0"
                    WIDTH="497.0"
                    HEIGHT="43.0"
                    WC="0.999082015004269"></String>
          </TextLine>
          <TextLine ID="line_20"
                    TAGREFS="LT275"
                    BASELINE="401 740 947 739" 
                    HPOS="400.0"
                    VPOS="711.0"
                    WIDTH="547.0"
                    HEIGHT="38.0">
            <Shape><Polygon POINTS="401 740 401 748 946 749 947 739 946 715 840 711 839 711 839 711 838 711 838 712 834 715 830 719 805 719 781 719 777 716 771 711 770 711 769 711 769 711 768 711 752 716 744 711 744 711 743 711 742 711 741 711 740 711 734 717 732 719 687 719 685 718 675 711 674 711 674 711 673 711 625 713 624 713 613 719 611 720 523 720 522 719 510 713 510 713 509 713 508 713 495 719 471 712 470 712 469 712 469 712 454 719 409 714 408 714 407 714 407 714 400 719 401 740"/></Shape>
	    <String CONTENT="De priuata autem noſtra, qui ſumus fideles &amp;"
                    HPOS="400.0"
                    VPOS="711.0"
                    WIDTH="547.0"
                    HEIGHT="38.0"
                    WC="0.9967601637948643"></String>
          </TextLine>
          <TextLine ID="line_21"
                    TAGREFS="LT275"
                    BASELINE="370 773 948 769" 
                    HPOS="370.0"
                    VPOS="744.0"
                    WIDTH="578.0"
                    HEIGHT="37.0">
            <Shape><Polygon POINTS="370 773 370 781 947 780 948 769 947 750 935 744 934 744 934 744 933 744 917 750 915 750 913 750 886 744 885 744 884 744 884 744 876 749 875 751 870 749 852 744 851 744 851 744 850 744 849 744 843 749 840 752 802 752 796 749 785 745 784 745 783 745 782 745 781 745 776 749 771 752 723 752 717 749 709 745 708 745 676 745 675 745 674 745 674 745 669 748 666 751 625 753 513 753 486 748 479 747 478 747 477 747 473 748 453 753 447 748 446 747 445 747 444 747 444 747 370 747 370 773"/></Shape>
	    <String CONTENT="Chriſtiani, cum excommunicato cõmunicatione"
                    HPOS="370.0"
                    VPOS="744.0"
                    WIDTH="578.0"
                    HEIGHT="37.0"
                    WC="0.9962525394829836"></String>
          </TextLine>
          <TextLine ID="line_22"
                    TAGREFS="LT275"
                    BASELINE="370 806 948 802" 
                    HPOS="369.0"
                    VPOS="779.0"
                    WIDTH="579.0"
                    HEIGHT="39.0">
            <Shape><Polygon POINTS="370 806 370 814 468 818 469 818 469 818 489 813 491 813 493 813 512 818 513 818 514 818 545 813 551 812 553 813 563 818 564 818 565 818 600 818 600 818 600 818 601 818 601 817 607 812 608 812 610 812 633 816 634 816 658 812 664 811 670 812 700 817 701 817 702 817 713 812 735 815 736 815 763 811 765 811 774 817 775 817 776 817 777 818 803 818 803 817 840 815 841 815 842 815 847 810 848 810 850 810 871 814 872 814 947 810 948 802 946 783 922 779 921 779 921 779 912 783 909 785 793 785 788 784 766 780 765 780 740 785 737 785 736 785 720 780 720 780 669 780 668 780 618 785 596 781 596 781 595 781 594 781 588 785 588 785 556 781 555 781 515 786 512 787 466 787 465 787 456 782 456 782 455 782 369 787 370 806"/></Shape>
	    <String CONTENT="etiam quæritur, quæ eſſe debeat. In quo etiam i¬"
                    HPOS="369.0"
                    VPOS="779.0"
                    WIDTH="579.0"
                    HEIGHT="39.0"
                    WC="0.9934653714299202"></String>
          </TextLine>
          <TextLine ID="line_23"
                    TAGREFS="LT275"
                    BASELINE="370 839 949 835" 
                    HPOS="370.0"
                    VPOS="810.0"
                    WIDTH="579.0"
                    HEIGHT="41.0">
            <Shape><Polygon POINTS="370 839 370 851 407 851 407 851 417 846 469 851 476 851 477 851 477 851 478 851 478 850 487 845 530 849 538 850 539 850 539 850 540 850 541 849 546 845 551 849 551 849 552 849 553 849 557 849 603 844 626 848 635 849 636 849 637 849 637 849 639 847 646 844 715 847 766 848 767 848 783 846 796 843 819 845 854 847 855 847 948 843 949 835 948 817 932 810 931 810 930 810 930 810 917 816 868 813 868 813 696 818 654 811 653 811 652 811 641 817 609 817 593 812 592 812 592 812 591 812 575 818 485 812 485 812 456 817 452 813 451 813 450 813 449 813 427 817 395 813 394 813 393 813 370 820 370 839"/></Shape>
	    <String CONTENT="pſo eſt diſtinguendum. Nam cum eo communi¬"
                    HPOS="370.0"
                    VPOS="810.0"
                    WIDTH="579.0"
                    HEIGHT="41.0"
                    WC="0.9990748436678023"></String>
          </TextLine>
          <TextLine ID="line_24"
                    TAGREFS="LT275"
                    BASELINE="369 871 950 867" 
                    HPOS="368.0"
                    VPOS="842.0"
                    WIDTH="582.0"
                    HEIGHT="41.0">
            <Shape><Polygon POINTS="369 871 369 878 509 883 510 883 510 883 530 877 531 877 533 877 544 882 545 882 546 882 547 882 565 877 567 877 572 877 641 882 641 882 642 882 659 876 662 876 677 876 788 881 789 881 790 881 806 876 809 876 818 876 883 880 884 880 949 875 950 867 948 846 929 842 928 842 927 842 926 842 921 846 917 848 886 848 883 846 877 842 876 842 876 842 875 842 855 846 843 842 842 842 841 842 840 842 829 847 827 848 717 848 716 847 711 843 711 843 710 843 709 843 658 843 658 843 657 843 641 848 638 849 634 848 621 844 620 844 619 844 618 844 604 848 600 849 594 848 555 843 555 843 554 843 540 849 539 850 488 850 483 849 456 844 456 844 455 844 444 850 444 851 411 851 411 850 403 845 403 845 402 845 401 845 368 850 369 871"/></Shape>
	    <String CONTENT="care volumus vel tanquã cũ homine, vel cũ ami¬"
                    HPOS="368.0"
                    VPOS="842.0"
                    WIDTH="582.0"
                    HEIGHT="41.0"
                    WC="0.9918879428688361"></String>
          </TextLine>
          <TextLine ID="line_25"
                    TAGREFS="LT275"
                    BASELINE="368 903 949 900" 
                    HPOS="367.0"
                    VPOS="874.0"
                    WIDTH="582.0"
                    HEIGHT="42.0">
            <Shape><Polygon POINTS="368 903 368 912 471 916 472 916 473 916 483 912 485 912 486 912 501 916 502 916 502 916 503 916 511 912 514 911 522 912 545 915 546 915 547 915 559 912 564 911 596 911 598 912 601 915 602 915 603 915 604 915 948 911 949 900 946 878 832 880 830 879 823 874 823 874 822 874 800 874 799 874 756 879 744 880 740 880 728 875 728 875 699 875 699 875 698 875 679 880 676 880 670 880 649 877 648 877 621 880 613 881 609 880 595 876 594 876 551 876 551 876 550 876 549 876 543 880 511 876 510 876 510 876 509 876 501 881 500 882 493 881 469 878 468 878 446 882 444 882 444 882 438 877 438 876 437 876 436 876 414 876 413 876 367 882 368 903"/></Shape>
	    <String CONTENT="co, fratre &amp; ſocio. Omnis quidem arctior cum eo"
                    HPOS="367.0"
                    VPOS="874.0"
                    WIDTH="582.0"
                    HEIGHT="42.0"
                    WC="0.9978571927293818"></String>
          </TextLine>
          <TextLine ID="line_26"
                    TAGREFS="LT275"
                    BASELINE="369 935 949 932" 
                    HPOS="368.0"
                    VPOS="907.0"
                    WIDTH="581.0"
                    HEIGHT="41.0">
            <Shape><Polygon POINTS="369 935 369 944 448 944 453 948 454 948 455 948 456 948 493 944 510 948 511 948 512 948 534 943 537 943 540 943 566 947 567 947 599 943 602 943 604 943 616 947 617 947 617 947 644 943 646 943 648 943 667 946 668 946 669 946 670 946 674 943 675 942 680 943 700 946 701 946 949 942 949 932 947 913 921 913 914 907 913 907 913 907 912 907 885 912 789 908 788 908 765 913 697 908 696 908 695 908 695 908 689 913 659 913 648 909 647 909 646 909 646 909 645 909 637 913 518 909 518 909 517 909 499 914 491 909 490 909 489 909 489 909 425 914 419 909 419 909 418 909 417 909 416 909 399 913 376 909 375 909 374 909 374 909 368 913 369 935"/></Shape>
	    <String CONTENT="ſocietas, familiaritas, priuatáque amicitia noſtra"
                    HPOS="368.0"
                    VPOS="907.0"
                    WIDTH="581.0"
                    HEIGHT="41.0"
                    WC="0.9901507625392839"></String>
          </TextLine>
          <TextLine ID="line_27"
                    TAGREFS="LT275"
                    BASELINE="369 967 948 965" 
                    HPOS="368.0"
                    VPOS="939.0"
                    WIDTH="580.0"
                    HEIGHT="43.0">
            <Shape><Polygon POINTS="369 967 369 976 380 980 381 980 382 980 382 980 394 976 395 976 469 976 470 976 487 981 488 981 489 981 489 981 502 976 507 981 508 981 509 981 510 982 529 982 529 981 530 981 545 976 559 981 560 981 561 981 638 975 643 975 644 975 660 980 661 980 662 981 753 981 753 980 947 974 948 965 947 945 932 939 931 939 930 939 835 944 830 939 829 939 828 939 808 939 807 939 785 944 756 939 755 939 726 940 725 940 724 940 719 945 697 940 696 940 661 945 603 940 602 940 559 946 381 941 380 941 379 941 368 946 369 967"/></Shape>
	    <String CONTENT="diſſoluenda, at que diſſuenda eſt. Quæ ſunt autem"
                    HPOS="368.0"
                    VPOS="939.0"
                    WIDTH="580.0"
                    HEIGHT="43.0"
                    WC="0.993505737003015"></String>
          </TextLine>
          <TextLine ID="line_28"
                    TAGREFS="LT275"
                    BASELINE="369 999 945 997" 
                    HPOS="368.0"
                    VPOS="972.0"
                    WIDTH="577.0"
                    HEIGHT="39.0">
            <Shape><Polygon POINTS="369 999 369 1011 416 1007 439 1011 443 1011 444 1011 448 1011 473 1007 576 1010 655 1011 656 1011 671 1009 683 1007 690 1008 696 1011 697 1011 698 1011 699 1011 705 1008 711 1007 726 1008 748 1011 748 1011 749 1011 758 1008 763 1007 774 1007 800 1011 801 1011 892 1007 897 1007 899 1007 931 1011 932 1011 933 1011 945 1006 945 997 943 978 870 972 869 972 830 977 828 978 748 978 748 977 735 972 734 972 733 972 669 977 655 978 641 977 593 973 592 973 592 973 576 977 572 978 567 977 551 973 551 973 550 973 526 977 523 977 521 977 504 973 503 973 368 976 369 999"/></Shape>
	    <String CONTENT="ad vitæ huius ſocietatem tuendam neceſſaria, &amp;"
                    HPOS="368.0"
                    VPOS="972.0"
                    WIDTH="577.0"
                    HEIGHT="39.0"
                    WC="0.9907880179260088"></String>
          </TextLine>
          <TextLine ID="line_29"
                    TAGREFS="LT275"
                    BASELINE="370 1031 946 1028" 
                    HPOS="370.0"
                    VPOS="1003.0"
                    WIDTH="576.0"
                    HEIGHT="42.0">
            <Shape><Polygon POINTS="370 1031 370 1041 561 1045 562 1045 674 1040 679 1040 683 1040 747 1044 748 1044 748 1044 757 1040 887 1044 888 1044 888 1044 902 1040 917 1044 918 1044 919 1044 945 1039 946 1028 944 1010 901 1003 901 1003 849 1009 839 1003 838 1003 792 1003 791 1003 790 1003 790 1003 781 1009 775 1003 774 1003 773 1003 758 1003 757 1003 736 1007 719 1004 718 1004 717 1004 707 1009 678 1004 677 1004 676 1004 665 1010 608 1010 596 1004 596 1004 595 1004 594 1004 572 1010 552 1005 551 1005 551 1005 519 1011 427 1005 427 1005 370 1011 370 1031"/></Shape>
	    <String CONTENT="quæ humanitatis, cum eo fieri &amp; haberi poſſunt."
                    HPOS="370.0"
                    VPOS="1003.0"
                    WIDTH="576.0"
                    HEIGHT="42.0"
                    WC="0.9999062774029184"></String>
          </TextLine>
          <TextLine ID="line_30"
                    TAGREFS="LT275"
                    BASELINE="373 1063 950 1061" 
                    HPOS="372.0"
                    VPOS="1036.0"
                    WIDTH="578.0"
                    HEIGHT="41.0">
            <Shape><Polygon POINTS="373 1063 373 1073 418 1073 423 1077 423 1077 424 1077 425 1077 426 1077 438 1073 514 1077 515 1077 620 1072 625 1076 625 1076 626 1076 627 1077 757 1077 757 1076 786 1071 792 1075 793 1075 794 1075 794 1075 795 1075 804 1071 912 1075 913 1075 950 1069 950 1061 949 1041 777 1041 774 1040 759 1036 758 1036 757 1036 757 1036 748 1040 744 1041 727 1040 695 1037 694 1037 693 1037 692 1037 688 1040 687 1041 685 1040 683 1037 682 1037 681 1037 680 1037 609 1040 525 1042 509 1039 502 1038 502 1038 495 1039 477 1042 372 1039 373 1063"/></Shape>
	    <String CONTENT="Vnde &amp; ab eo emere poſſumus, item cum eo cõ¬"
                    HPOS="372.0"
                    VPOS="1036.0"
                    WIDTH="578.0"
                    HEIGHT="41.0"
                    WC="0.9889504671096802"></String>
          </TextLine>
          <TextLine ID="line_31"
                    TAGREFS="LT275"
                    BASELINE="368 1097 949 1093" 
                    HPOS="367.0"
                    VPOS="1067.0"
                    WIDTH="582.0"
                    HEIGHT="39.0">
            <Shape><Polygon POINTS="368 1097 368 1106 948 1102 949 1093 947 1071 925 1067 924 1067 923 1067 916 1071 914 1072 820 1072 817 1070 810 1068 810 1068 809 1068 779 1070 762 1072 758 1070 751 1068 750 1068 749 1068 748 1068 748 1068 745 1070 743 1072 717 1070 687 1069 687 1069 673 1070 655 1073 650 1070 646 1069 645 1069 644 1069 643 1069 638 1070 630 1073 617 1070 609 1069 608 1069 607 1069 606 1069 604 1070 601 1073 539 1070 516 1069 515 1069 508 1070 473 1074 367 1070 368 1097"/></Shape>
	    <String CONTENT="trahere, communem hæreditatem habere, ex cõ¬"
                    HPOS="367.0"
                    VPOS="1067.0"
                    WIDTH="582.0"
                    HEIGHT="39.0"
                    WC="0.9919843408796523"></String>
          </TextLine>
          <TextLine ID="line_32"
                    TAGREFS="LT275"
                    BASELINE="368 1129 946 1127" 
                    HPOS="367.0"
                    VPOS="1100.0"
                    WIDTH="579.0"
                    HEIGHT="42.0">
            <Shape><Polygon POINTS="368 1129 368 1140 500 1138 518 1139 546 1142 547 1142 588 1139 613 1137 656 1138 749 1141 750 1141 793 1137 804 1136 826 1137 932 1140 933 1140 934 1140 946 1135 946 1127 944 1100 753 1105 680 1103 603 1101 602 1101 586 1104 582 1105 579 1104 567 1101 566 1101 565 1101 542 1105 536 1106 534 1105 531 1102 530 1102 530 1102 529 1102 473 1106 467 1106 464 1106 428 1102 427 1102 367 1106 368 1129"/></Shape>
	    <String CONTENT="muni cum eo puteo &amp; fonte aquam haurire, illi"
                    HPOS="367.0"
                    VPOS="1100.0"
                    WIDTH="579.0"
                    HEIGHT="42.0"
                    WC="0.9801865657170613"></String>
          </TextLine>
          <TextLine ID="line_33"
                    TAGREFS="LT275"
                    BASELINE="368 1160 950 1159" 
                    HPOS="367.0"
                    VPOS="1133.0"
                    WIDTH="583.0"
                    HEIGHT="38.0">
            <Shape><Polygon POINTS="368 1160 368 1171 950 1170 950 1159 947 1133 910 1137 895 1133 894 1133 893 1133 893 1133 880 1137 859 1133 857 1133 856 1133 855 1133 840 1137 820 1133 818 1133 818 1133 817 1133 805 1137 792 1133 791 1133 790 1133 790 1133 786 1133 744 1137 580 1134 570 1134 569 1134 568 1134 549 1138 367 1135 368 1160"/></Shape>
	    <String CONTENT="item poſſumus noſtras merces vendere. Sed etiã"
                    HPOS="367.0"
                    VPOS="1133.0"
                    WIDTH="583.0"
                    HEIGHT="38.0"
                    WC="0.9985233938440363"></String>
          </TextLine>
          <TextLine ID="line_34"
                    TAGREFS="LT275"
                    BASELINE="369 1193 950 1191" 
                    HPOS="368.0"
                    VPOS="1165.0"
                    WIDTH="582.0"
                    HEIGHT="48.0">
            <Shape><Polygon POINTS="369 1193 369 1213 394 1212 395 1212 395 1212 404 1205 511 1212 512 1212 513 1212 526 1205 563 1205 583 1211 584 1211 584 1211 585 1211 605 1205 625 1211 625 1211 626 1212 669 1212 669 1211 670 1211 695 1205 704 1211 705 1211 706 1211 707 1211 743 1205 776 1210 777 1210 777 1210 778 1210 786 1204 820 1208 821 1208 859 1204 868 1210 869 1210 870 1210 871 1210 902 1205 949 1210 950 1191 947 1165 930 1169 822 1166 788 1165 787 1165 786 1165 786 1165 785 1166 781 1169 770 1166 765 1165 765 1165 764 1165 763 1165 759 1167 748 1170 699 1167 681 1166 680 1166 679 1166 675 1167 664 1171 597 1171 593 1168 591 1166 590 1166 589 1166 588 1166 576 1168 563 1170 368 1170 369 1193"/></Shape>
	    <String CONTENT="ſi ſit vxor, parens, cognatus, aut noſter filius ex¬"
                    HPOS="368.0"
                    VPOS="1165.0"
                    WIDTH="582.0"
                    HEIGHT="48.0"
                    WC="0.9832034558057785"></String>
          </TextLine>
        </TextBlock>
        <TextBlock HPOS="810.9906616210938"
                   VPOS="1207.82421875"
                   WIDTH="137.6568603515625"
                   HEIGHT="28.2364501953125"
                   ID="block_0"
                   TAGREFS="BT17">
          <Shape><Polygon POINTS="810.991 1207.82 948.648 1207.82 948.648 1236.06 810.991 1236.06 810.991 1207.82"/></Shape>
          <TextLine ID="line_35"
                    TAGREFS="LT275"
                    BASELINE="812 1225 949 1223" 
                    HPOS="811.0"
                    VPOS="1200.0"
                    WIDTH="138.0"
                    HEIGHT="42.0">
            <Shape><Polygon POINTS="812 1225 812 1242 868 1237 948 1237 949 1223 947 1205 833 1200 832 1200 831 1200 811 1205 812 1225"/></Shape>
	    <String CONTENT="communi¬"
                    HPOS="811.0"
                    VPOS="1200.0"
                    WIDTH="138.0"
                    HEIGHT="42.0"
                    WC="0.999402791261673"></String>
          </TextLine>
        </TextBlock>
      </PrintSpace>
    </Page>
  </Layout>
</alto>
