1000 1448
565.0 90.0 39.0 49.0 303

219.0 105.0 123.0 23.0 CAPVT

364.0 104.0 31.0 24.0 V.

30.0 120.0 580.0 51.0 cleſia addat, ſi quid illis ad neceſſar ium victum

30.0 161.0 580.0 44.0 deeſt. Idque pro ipſorum præbentium facultati¬

32.0 191.0 580.0 49.0 bus. Neque enim vel cognati, vel eccleſia cogi¬

32.0 223.0 576.0 49.0 tur omnia quæ viduis & aliis pauperibus deſunt,

31.0 255.0 579.0 49.0 ſuppeditare, niſi id fieri ipſorum facultates & o¬

32.0 289.0 578.0 46.0 pes patiãtur. Vera eſt enim etiã inter Chriſtianos

28.0 320.0 581.0 47.0 illa Ennij ſententia à M. Tul. Cicerone rectè

29.0 353.0 580.0 46.0 explicata, ita aliis largiendum eſſe, vt noſtrę fami¬

28.0 387.0 580.0 45.0 liæ etiam ſubuenire poſsimus. Pro eo enim quod

30.0 418.0 578.0 47.0 quiſque habet dare debet, & in eo Deo acceptus

28.0 452.0 581.0 44.0 eſt: non autem pro eo, quod non habet. Exhauri¬

28.0 485.0 581.0 44.0 re enim ſeipſum prorſus nemo tenetur, ne ſit hu¬

27.0 514.0 582.0 47.0 iuſmodi ſubuentio ipſi ſubuenienti oppreſsio, &

26.0 550.0 580.0 42.0 ne poſtea ipſe mendicet, vt docet Paulus.2. Co¬

24.0 581.0 582.0 46.0 rinth.8.verſ.2.13. Etſi parcè tamen grauatè & te¬

24.0 613.0 582.0 46.0 nuiter non eſt ſubueniendum proximo ſed luben

25.0 647.0 404.0 44.0 ter & vti dixi, quantum poſſumus.

59.0 678.0 545.0 49.0 Vtiis. Æquiſſima ratio quæ ducta eſt à fine æ¬

24.0 715.0 579.0 45.0 rarij eccleſiaſtici. Eccleſiam enim ad ſuos paupe¬

24.0 749.0 578.0 41.0 res alendos pecunias à piis collatas habuiſ¬

23.0 777.0 573.0 48.0 ſe apparet ex Sozom. lib. 7. cap.26. & Euang.

22.0 811.0 579.0 46.0 lib. 5. capite. 5. ne præter æquum ſe onerari

22.0 843.0 579.0 45.0 exiſtiment propter hoc præceptum iſtarum vi¬

22.0 877.0 579.0 44.0 duarum cognati. Etſi enim eccleſiæ ærarium

20.0 909.0 581.0 44.0 eſt commune omnium pauperum ærarium ta¬

21.0 941.0 579.0 46.0 men videndum eſt & proſpicienduti ine ſtatim

20.0 972.0 581.0 46.0 exhauriatur: omnibus emm ſufficere diu nõ pote

20.0 1006.0 580.0 44.0 rit Reſeruetur igitur illud maiori inopiæ, & eo¬

18.0 1038.0 582.0 45.0 rum præſertim egeſtati, qui non habent, vnde ſe

19.0 1069.0 581.0 47.0 aliunde exhibeãt, ſiue ſint Viduæ: ſiue Mares pau

20.0 1103.0 579.0 44.0 peres. Qui habent vnde aliunde adiuuentur, eccle

17.0 1136.0 578.0 44.0 ſiam ne grauent. Hæc ſanè de pauperibus viduis

16.0 1170.0 581.0 57.0 cura perſtitit diu in eccleſia Chriſtiana puriori¬
