1000 1448
266.0 100.0 170.0 20.0 CARVT V.

585.0 86.0 47.0 40.0 347

56.0 113.0 581.0 48.0 taxat Epiſcopo vel Archiepiſcopo, facta electio

57.0 152.0 579.0 40.0 legitima eſt, quantunuis magna cenſeatur inter

57.0 186.0 581.0 37.0 homines iſtorum authoritas, vt præclarè annotat

62.0 216.0 574.0 39.0 Theodorus lector lib.2. Collecta. Sed in Dei Ec¬

57.0 248.0 579.0 39.0 cleſia Chriſti vnius lex dominari debet: quæ nul¬

56.0 281.0 580.0 41.0 la ratione infeingi poteſt, vt rectè adminiſtrata

56.0 314.0 581.0 36.0 Eccleſia dici poſſit. Præter enim vnum Chriſtum

53.0 345.0 580.0 41.0 nemo eſt in Dei Eccleſia ἀυτοκράτωρ: nemo illius

57.0 378.0 577.0 42.0 domus Dominus: ſed ſolus Chriſtus eſt ille vnus,

58.0 413.0 580.0 40.0 extra cuius præceptum nemo in ea dignitatem

54.0 444.0 583.0 38.0 legitimam obtinet. Non vult autem Chriſtus ab

59.0 477.0 578.0 38.0 vno quodam ſolo patrono, vel Rege, vel Ponti¬

54.0 508.0 583.0 43.0 fice & Epiſcopo aliquos eligi & aſciri ad munera

56.0 541.0 581.0 41.0 Eccleſiæ ſuæ, vt perſpicuè poſtea apparebit.

61.0 573.0 576.0 41.0 Quod ipſum rectè quoque vetitum eſt fieri ab

56.0 604.0 581.0 41.0 Adriano Rom. Pontifice, vt eſt in canone Nullus.

54.0 636.0 583.0 42.0 & à Nicolao in cano. Porro, & can. ſeq. Diſtin.63.

57.0 669.0 581.0 38.0 Atq; inde orta ſunt grauiſſima illa, & plus quàm

54.0 700.0 582.0 40.0 nefaria bella inter Henricos imperatores Rom.

55.0 733.0 581.0 40.0 & Gregorios Pontif. Rom. cùm vtrique ad ſe

54.0 765.0 585.0 37.0 ſolum ius illud electionũ trahere conarẽtur. Nec

56.0 799.0 582.0 40.0 obſtat, quod Titus, Timotheus, Paulus ſoli vi¬

57.0 830.0 581.0 42.0 dẽtur Preſbyteros & Epiſcopos Eccleſijs præfe¬

55.0 863.0 583.0 40.0 ciſſe, vti ex hoc loco videtur colligi poſſe, & Act.

56.0 895.0 582.0 42.0 16. Tit. 1.Reſpondeo enim illud genus dicẽdi Con¬

52.0 929.0 593.0 41.0 ſtituas, imponas, &c. ex mente Pauli eſſe ſic intel¬

53.0 960.0 586.0 42.0 ligendum: Non vt vni cuidam ſoli electio tota

54.0 992.0 581.0 40.0 committatur iúſque illud tribuatur: ſed vt ſynec¬

55.0 1027.0 582.0 37.0 dochicõs complexus eſſe ea dicen di ratione in¬

53.0 1057.0 584.0 41.0 telligatur omnes Paulus, & omnia, quæ fieri in

55.0 1091.0 581.0 37.0 legitima vocationis Eccleſiaſticæ ratione & for¬

53.0 1122.0 583.0 41.0 ma debent & ſolent (vt ex his verbis Tit.1.V.5. Vt

51.0 1155.0 584.0 54.0 cibi mandaui) facilè concludi poteſt. Sed cùm in
