1000 1448
368.0 94.0 487.0 45.0 264 AD I. PAVL. AD TIM.

364.0 127.0 582.0 49.0 uant: mundo moriuntur, vt Deo viuãt. Ergo vi¬

355.0 168.0 592.0 41.0 duæ laſciuæ viuunt quidem corpore, animo ta¬

362.0 194.0 586.0 44.0 men mortuæ ſunt. Sic infideles dicuntur & à

364.0 226.0 582.0 46.0 Chriſto & à Paulo mortui 1. Corinth.15. verſ.29.

364.0 259.0 583.0 43.0 Matth.8.verſ.22. Sunt enim ad omnia quæ ad vi¬

363.0 293.0 585.0 41.0 tam æternam pertinent, immobiles, & inepti, &

364.0 324.0 580.0 47.0 inutiles, vt ait Chryſoſtomus: vnde perinde, atq;

366.0 358.0 555.0 47.0 mortuæ meritò inter pios cenſentur hę viduę.

450.0 413.0 492.0 53.0 Hæc igitur denuntiato, vt fint irre¬

367.0 454.0 142.0 51.0 prehenſæ.

397.0 489.0 550.0 50.0 Hęc repetitio, ſiue potius admonitio à Paulo

364.0 524.0 582.0 48.0 facta ſuperiorem doctrinam valde vtilem eſſe

363.0 557.0 584.0 47.0 docet, neque ſemel tantùm pronuntiandam, ſed

363.0 588.0 583.0 49.0 ſępius in Dei Eccleſia inculcandam, vt animis ho¬

364.0 621.0 582.0 47.0 minum inhęreat altiùs. Eiuſdem autem maximus

362.0 656.0 584.0 42.0 fructus hîc oſtenditur, cùm, ſi obſeruetur, omne

363.0 685.0 583.0 43.0 offendiculum ſublatum iri dicat Paulus, foréque

363.0 719.0 583.0 44.0 Eccleſiam ipſam irreprehenſibilem, & boni apud

364.0 750.0 581.0 47.0 omnes odoris. Fidelibus autem & infidelibus

366.0 788.0 344.0 41.0 bene olere debemus omnes.

406.0 846.0 538.0 56.0 8 Quòd ſi qua ſuis & maximè domeſti¬

365.0 887.0 581.0 53.0 cis non prouidet, fid em abnegauit, & eſt infi¬

366.0 928.0 183.0 46.0 deli deterior.

397.0 969.0 549.0 43.0 Α’ιτιολογ́α eſt ſuperioris canonis de parenti¬

367.0 1004.0 579.0 44.0 bus alendis à liberis, & contrà, quæ tum a turpi

364.0 1039.0 582.0 41.0 ducta dici poteſt, tum etiam à repugnantibus: eſt

363.0 1069.0 582.0 45.0 autem hæc ſententia generalis, quæ tam ad ma¬

363.0 1102.0 582.0 45.0 res, quàm ad fœminas pertinet. Itaque relatiuo

364.0 1135.0 580.0 41.0 communis generis vſus eſt Paulus. Hoc autẽ pro

362.0 1165.0 581.0 54.0 certo & confeſſo ſumit, quod pij fatentur, debe¬

910.0 1202.0 34.0 41.0 re
