1000 1448
588.0 87.0 49.0 48.0 287

230.0 98.0 171.0 26.0 CAPVT v.

57.0 116.0 582.0 54.0 λοχίων quam garrulitatem vertunt, quas ita di¬

56.0 152.0 581.0 50.0 ſtinguit, vt temulentia ſit nimia inter pocula vel

55.0 185.0 580.0 49.0 inter potandum orta ex vino ſumpto loquacitas.

57.0 217.0 577.0 50.0 Garrulitas verò ſit ſtultiloquium nimiáque lo¬

57.0 250.0 580.0 50.0 quacitas vbique, & ex qualibet, vel etiam nulla o¬

53.0 283.0 580.0 49.0 blata occaſione. Itaque garrulus in foro, in thea¬

53.0 316.0 582.0 47.0 tro, in deambulatione, domi, interdiu, & noctu

53.0 350.0 581.0 46.0 nugatur, & loquax eſt. Temulentus autem

53.0 380.0 582.0 47.0 tantùm in menſa & inter pocula: iſta tamen di¬

51.0 411.0 584.0 49.0 ſtinctio etiam hunc Pauli locum illuſtrat, & ex¬

50.0 444.0 583.0 49.0 tẽdit. Sed videtur vtranque quidem, ſed maximè

49.0 477.0 584.0 49.0 ſecundam ſpeciem hoc loco damnaſſe Paulus vti

49.0 508.0 582.0 48.0 etiam Pſal.14o. verſ.1o. apertè inter vitia peſſima

48.0 544.0 322.0 41.0 recenſetur iſta nugacitas,

75.0 573.0 555.0 50.0 Curioſas vocat tamẽ eas, quæ plura quàm de¬

47.0 607.0 580.0 48.0 ceat, ſcire affectãt, tũ etiã, quæ diligentius & pe¬

45.0 639.0 579.0 49.0 nitius ea, quæ ſciri poſſunt, curant & inueſtigant,

46.0 671.0 580.0 49.0 quàm ſit neceſſe. Itaque ſunt illæ nimium nego¬

44.0 704.0 579.0 49.0 tioſæ, ſed vbi nõ oportet. In quibus autẽ oportet

44.0 736.0 579.0 49.0 otioſæ. Alio nomine πολυπράγμονες eædẽ appellã¬

42.0 771.0 582.0 43.0 tur. Quanquam Plutarch.in libro de Curioſitate

41.0 802.0 582.0 49.0 eos tantùm videtur definire πολυπράγμονας, qui in

40.0 835.0 580.0 48.0 alienis erratis ſiue peccatis, vnde alteri naſcitur

39.0 867.0 582.0 49.0 aliqua infamia, curioſiùs indigandis occupant ſe¬

38.0 898.0 580.0 49.0 ſe. At ſiue in peccatis, ſiue in aliis etiam rebus,

41.0 933.0 579.0 46.0 quæ ad nos non pertinent, inueſtigandis nimium

37.0 963.0 583.0 51.0 laboremus, hîc πρέργων nomine à Paulo ſignifi¬

38.0 999.0 583.0 45.0 camur. Quanquam verò hæc vitia fęre ſunt omni.

37.0 1029.0 583.0 45.0 bus fœminis communia, maximè tamẽ eas dede¬

37.0 1063.0 580.0 45.0 cent, quæ cæteris prælucere vitæ exemplo debẽt.

37.0 1096.0 580.0 45.0 Inquirere autem in alienum factum, quatenus il¬

36.0 1127.0 580.0 49.0 lud ad nos ſpectat: vel Dei gloria proximíquev¬

33.0 1159.0 584.0 56.0 tilitas poſtulat, vel inde promouetur: denique

658.0 240.0 21.0 46.0 0
