1000 1448
449.0 120.0 384.0 50.0 AD I. PAVL. AD TIM.

353.0 133.0 74.0 42.0 196

347.0 152.0 582.0 60.0 rebus creatis vtendum ad quem à Deo conditæ

348.0 189.0 580.0 58.0 ſunt. 2 Non modò Deo gratias agendas, poſt¬

349.0 221.0 581.0 56.0 quam ijs rebus vſi ſumus: ſed etiam Deum inuo¬

349.0 257.0 581.0 49.0 candũ, vt vti liceat, cùm ex eius manu ſint eæ res

349.0 285.0 579.0 59.0 ſumẽdæ: cuius propriè ſunt, vt apparet ex oratio¬

350.0 320.0 582.0 55.0 ne Dominica. καλὸν verò non refertur hoc loco

351.0 351.0 579.0 54.0 ad mores honeſtos: ſed ad vſum, qui à nobis Dei

352.0 382.0 580.0 58.0 nomen inuocantibus rectè fieri & ſalua cõſcien¬

353.0 416.0 579.0 55.0 tia poteſt. Aliâs enim perinde, atque fures dam¬

354.0 448.0 580.0 57.0 naremur etiam ex minutulæ cuiuſuis rei vſu: &

356.0 482.0 578.0 55.0 merito quidem, quaſi rem alienam contrectan¬

358.0 512.0 576.0 57.0 tes: niſi Dominus ipſe nobis eam in vſum con¬

359.0 545.0 578.0 55.0 cederet, eámque commoditatem ex rebus à ſe

359.0 577.0 579.0 55.0 creatis permitteret. Bonitas item ciborum hîc

357.0 612.0 581.0 54.0 non pertinet ad valetudinem & ſanitatem cor¬

358.0 641.0 581.0 59.0 poris, nec ad ſalubritatem ipſorum ciborum. Ne¬

360.0 674.0 578.0 58.0 que enim hîc medicum agit Paulus, ſed Theo¬

361.0 705.0 577.0 57.0 logum & Apoſtolum: ne quis fortè obiiciat ſi¬

361.0 740.0 580.0 55.0 bi aliquos cibos nõ eſſe ſalubres, dum ijs vtitur.

362.0 773.0 580.0 55.0 Atque propterea hunc Pauli locum calumnietur,

365.0 803.0 577.0 54.0 quia generaliter dicit Paulus οὐδεν ἀπόβλητον, id eſt,

363.0 835.0 579.0 57.0 nihil eſſe reiiciendum ex ijs, quæ Dominus in v¬

365.0 868.0 577.0 54.0 ſum & cibum hominum creauit. Quid enim li¬

366.0 901.0 576.0 57.0 ceat conſcientiæ noſtræ ratione ſpectat Paulus,

366.0 935.0 579.0 54.0 non autem quid conferat ſtomacho noſtro, vel

370.0 976.0 248.0 42.0 valetudini corporis.

401.0 994.0 544.0 59.0 Hîc tamen & inferiori verſiculo duplicem ci¬

366.0 1033.0 580.0 50.0 borum bonitatẽ proponere viderur, Vnam, quæ

368.0 1061.0 579.0 54.0 ex Ipſorum ſubſtantia: & Alteram, quæ ex vſu

368.0 1092.0 581.0 56.0 noſtro cõſideranda & æſtimanda nobis eſt. Quod

369.0 1127.0 580.0 54.0 ad primã:illa nobis teſtata eſt Geneſ.cap.1. Quæ¬

370.0 1160.0 580.0 53.0 cunque enim cõdidit Deus, illa ſubſtãtiæ, in qua

372.0 1191.0 579.0 62.0 ſunt creata, ratione bona ſunt, vt Dominus ipſe,

812.0 1222.0 139.0 57.0 pronuntia¬
