1000 1448
564.0 82.0 52.0 50.0 349

225.0 99.0 174.0 20.0 CAEVIV.

37.0 115.0 485.0 47.0 paſtor eligitur, Eccleſiæ vniuerſæ detur.

70.0 152.0 548.0 44.0 Ergo peſſimè faciunt, qui plebem quam vocãt

37.0 183.0 580.0 47.0 ab omni ſuffragio in Eccleſiaſticarum dignitatũ

38.0 218.0 579.0 40.0 electionibus ferendo repellunt & ſemouent, tan¬

39.0 250.0 577.0 45.0 quam non ſit & ipſa plebs pars Eccleſiæ Dei, eá¬

41.0 284.0 179.0 36.0 que maxima.

286.0 289.0 56.0 32.0 120

68.0 312.0 549.0 44.0 Peſſimè quoque hallucinantur qui non diſtin¬

38.0 346.0 580.0 44.0 gunt quæ ſint Preſbyterij, quæ autem plebis, in

36.0 378.0 583.0 44.0 electionibus iſtis partes: ſed quod eſt illius, iſti

36.0 411.0 581.0 44.0 tribuunt, inducentes in Eccleſiã Dei magnam o¬

36.0 444.0 584.0 41.0 mnino confuſionem. Præclarè enim Ambroſius

36.0 476.0 581.0 42.0 in lib. de Sacerdot. dignitate cap.3. Aliud eſt, ait,

37.0 509.0 581.0 42.0 quod ab Epiſcopo requirit Dominus: aliud quod

34.0 541.0 582.0 40.0 à plebe. Idem Chryſoſt. in libro 3. de Sacerdotio

34.0 573.0 582.0 41.0 infra medium. Idem quoque Bernard.ſermo 49.

36.0 606.0 581.0 40.0 Cant. cuius ætate iam hæc perturbata & popula¬

34.0 637.0 583.0 42.0 ris in electione ordinandorum ratio, à quibuſdã

36.0 669.0 582.0 43.0 videtur fuiſſe inuecta. Ordinauit me in charita¬

35.0 702.0 582.0 42.0 tem, ait. Factum autem eſt hoc cùm in Eccleſia

37.0 734.0 580.0 45.0 quoſdam quidem dedit Apoſtolos, quoſdã Pro¬

36.0 769.0 581.0 41.0 phetas, alios Euangeliſtas, &c. Oportet autẽ vt

35.0 802.0 580.0 40.0 hos vnâ omnes charitas liget & contemperet in

37.0 834.0 580.0 40.0 vnitatem corporis Chriſti. Quod minimè omni¬

34.0 864.0 581.0 43.0 no facere potuerit, ſi ipſa non fuerit ordinata.

37.0 897.0 577.0 44.0 Nam ſi ſuo quiſque feratur impetu ſecundum

34.0 930.0 579.0 42.0 ſpiritum, quem accepit: & ad quæque volet, in¬

36.0 964.0 583.0 40.0 differenter, prout afficitur, & non rationis iudi¬

35.0 995.0 580.0 40.0 cio conuolarit, dum ſibi aſſignato officio nemo

37.0 1028.0 579.0 39.0 contentus erit, ſed omnes omnia indiſcreta ad¬

35.0 1060.0 578.0 41.0 miniſtratione attentabunt, uon planè vnitas erit,

37.0 1092.0 451.0 42.0 ſed magis confuſio. Hæc Bernardus.

68.0 1123.0 546.0 42.0 Sic igitur tota hæc res eſt diſtinguenda, vt in

37.0 1158.0 576.0 46.0 vocatione & electione duos quoſdam actus di¬
