1000 1448
238.0 99.0 172.0 16.0 CARVTV.

575.0 73.0 46.0 54.0 381

37.0 111.0 580.0 50.0 tè perpetuò obſeruanda & tuenda nõ eſt. Vt igi¬

37.0 148.0 580.0 47.0 tur nõ ſunt idem impetus ſenilis, atque iuuenilis

37.0 181.0 580.0 45.0 ætatis: ita neque eadem vitæ ratio ab vtriſque eſt

37.0 213.0 579.0 47.0 ſuſcipienda, vel vtriſque præſcribenda. Mutantur

36.0 246.0 579.0 46.0 enim hæc pro tempore, ætate, locis, perſonis, vt

36.0 278.0 580.0 49.0 etiam præclarè ſcripſit, ſensitque Auguſtinus in

39.0 312.0 575.0 45.0 quæſtion. Euangelij. Non enim, ait, intereſt o¬

37.0 345.0 578.0 45.0 mnino quid alimentorum ſumas, vt ſuccurras

36.0 378.0 579.0 44.0 neceſsitari corporis, dumenodo congruat in ge¬

37.0 410.0 580.0 44.0 neribus alimentorum cum his, cum quibus ti¬

37.0 442.0 582.0 43.0 bi viuendum eſt: neque quantum ſumas intereſt

33.0 476.0 584.0 38.0 multum, cùm videamus aliorum ſtomachum ci¬

35.0 507.0 583.0 40.0 tius ſaturari, &c. Deinde ira concludit idem Au¬

34.0 540.0 583.0 44.0 guſtinus, Magis ergo intereſt, non quid vel quan¬

32.0 574.0 585.0 42.0 tum alimentorum pro congruentia hominum at¬

35.0 605.0 581.0 44.0 que perſonæ ſuæ, & pro ſuæ valetudinis neceſli¬

32.0 637.0 581.0 46.0 tate quis accipiat: ſed quanta facilitate, & ſeueri¬

32.0 670.0 581.0 43.0 tate animi ijs careat, cùm ijs vel oportet, vel ne¬

33.0 700.0 581.0 42.0 ceſſe eſt carere, vt illud in animo Chriſtiani com¬

32.0 734.0 581.0 46.0 pleatur, quod ait Apoſtolus, Scio & minus ha¬

33.0 769.0 580.0 40.0 bere: ſcio & abundare. Tertium denique quod

32.0 798.0 581.0 47.0 ex hoc Pauli dicto colligitur, eſt huiuſmodi. Ni¬

32.0 832.0 580.0 44.0 hil in iniuriam naturæ, & nimiam corporis de¬

32.0 863.0 580.0 43.0 bilitationem vel inſtituendum, vel inſtiturum &

35.0 898.0 575.0 46.0 ſemel ſuſceptum retinendum nobis eſſe. Quod

34.0 929.0 578.0 46.0 Timothei exemplo docemur hoc loco, qui, quẽ¬

33.0 962.0 577.0 40.0 admodum veriſimile eſt, poſt hanc Pauli com¬

32.0 995.0 579.0 41.0 monefactionem vino vſus eſt, quo tamen abſti¬

32.0 1027.0 580.0 41.0 nere decreuerat. Sed quia ea abſtinentia debilita¬

28.0 1061.0 581.0 41.0 bantur vires corporis naturales, poſtea vinum

30.0 1091.0 579.0 45.0 in victum adhibuit. Eſt enim non modò vita hæc

30.0 1125.0 580.0 46.0 donum Dei: itaque à nobis minimè ſpernenda:

29.0 1156.0 580.0 52.0 ſed virium naturaliũ & ſanitas & integritas quo¬
