1000 1448
476.0 82.0 385.0 37.0 AD I. PAVL. AD TIM.

385.0 94.0 72.0 25.0 326

378.0 111.0 576.0 49.0 piſtici ſacrificuli habent: tamen ex conſenſu po¬

379.0 147.0 575.0 46.0 puli habẽt aliquam. Eſt autem aliud, vt ait Augu¬

378.0 180.0 576.0 44.0 ſti lib.2. contra epiſtolã Parmeni. cap. 13 aliquid

378.0 212.0 572.0 43.0 prorſus non habere: aliud autem aliquid perni¬

378.0 243.0 575.0 41.0 cioſè habere: aliud aliquid ſalubriter habere.

378.0 276.0 575.0 44.0 Quod tertium ſolum eligendum nobis eſt. Sed

377.0 310.0 576.0 41.0 tamen vti magiſtratus vitio creatus, Magiſtratus

377.0 344.0 574.0 41.0 tamen eſt propter populi conſenſum, quẽadmo¬

377.0 375.0 575.0 39.0 dum.lib 5. de lingua latina docet Varro: ita iſti ſa¬

376.0 407.0 577.0 41.0 crifici etſi vitio creati ſũt epiſcopi & presbyteri,

377.0 440.0 573.0 37.0 vt, παρεπίσκοποι potius, quà m ἐπσκοποι ſint meritò

375.0 473.0 579.0 40.0 appellandi, tamen quadamtenus presbyteri ſunt

375.0 506.0 577.0 45.0 & Epiſcopi, præſertim apud eum populum, qui

374.0 539.0 191.0 37.0 in eo conſenſit.

380.0 567.0 568.0 41.0 Cęterum obiter monendi ſunt lectores, quoſ¬

373.0 600.0 578.0 37.0 dam referre totum hunc Pauli locum, vbi de non

372.0 632.0 579.0 46.0 imponendis citò manibus agitur, ad recõciliatio¬

371.0 665.0 579.0 45.0 nes publicas lapſorum, quę fieri ſolitæ ſunt in ec¬

372.0 699.0 578.0 43.0 cleſia per impoſitionem manũ quemadm. ex Cy¬

373.0 731.0 577.0 44.0 priano lib.1.epiſt.14. facilè colligi poteſt, & ex ve

374.0 764.0 574.0 40.0 terum ſcriptis & canonibus Synodorum. Sed ta¬

373.0 796.0 578.0 43.0 men aptius videtur, ſi referamus hunc locum ad

373.0 827.0 577.0 40.0 electiones eccleſiaſticarum functionum: impri¬

373.0 859.0 577.0 41.0 mis autem Paſtorum. Illæ enim reconciliationes

371.0 891.0 579.0 40.0 lapſorum veluti idolis ſacrificãtitũ, & libelario¬

372.0 924.0 577.0 45.0 rum, qui dicebãtur, quæ per manuum impoſitio¬

371.0 958.0 577.0 40.0 nem fiebãt, videntur demũ poſt obitum & tem¬

373.0 989.0 571.0 43.0 pora Apoſtolorum notæ & vſitatæ fuiſſe ea for¬

372.0 1022.0 578.0 40.0 ma in eccleſia, quã refert Cyprianus: vti & multæ

371.0 1055.0 577.0 43.0 aliæ ceremoniæ poſt Apoſtolos in eccleſiã ſunt

371.0 1088.0 274.0 45.0 inductæ, & obſeruatæ.

409.0 1150.0 540.0 56.0 23 Ne amplius eſto abſtemius: ſed vino

847.0 1194.0 100.0 42.0 pauculo
