1000 1448
387.0 89.0 461.0 36.0 364 AD l PAVL. AD TIM.

383.0 114.0 576.0 50.0 Chriſtiano ius omne ſuum atque ſuffragium mi¬

381.0 151.0 577.0 46.0 ſere ſit hac ratione & in hoc genere vocationum

382.0 183.0 578.0 48.0 eccleſiaſticarũ ademptum, & in vnum quendam

382.0 216.0 578.0 47.0 epiſcopum magna tyrannide atque abuſu tranſla¬

382.0 250.0 578.0 41.0 tum. Dominus Deus talibus corruptionibus, quæ

383.0 280.0 577.0 48.0 adhuc in eccleſiis ipſius ſuperſunt & deffendun¬

386.0 314.0 574.0 44.0 tur, mederi magna ſua miſericordia dignetur &

386.0 345.0 578.0 46.0 velit, quæ tandem certè magnam eccleſiæ Dei

384.0 379.0 578.0 44.0 ruinam ſecum trahent, & ipſum ſacroſanctũ ver¬

385.0 411.0 578.0 45.0 bi Dei miniſterium reddent efficiéntque vel mer

386.0 444.0 576.0 45.0 cenarium: vel omnino contemptibile & abiectũ.

389.0 480.0 293.0 39.0 Quod Dominus auertat.

424.0 510.0 538.0 44.0 Vna modo quæſtio ſupereſt in hoc argumen¬

387.0 540.0 579.0 44.0 to, Nimirum, quid de eorum adminiſtratione

386.0 574.0 581.0 45.0 ſit ſentiendum, qui non ſunt legitimè vocati: at¬

389.0 605.0 575.0 46.0 que vtrum iis ſana conſcientia adhærere debea¬

387.0 639.0 580.0 45.0 mus. In quo certè diſtinguendum eſt. Aut enim

387.0 670.0 582.0 45.0 eſt Omnino illegitima vocatio eius, qui eccleſiã

387.0 703.0 580.0 49.0 aliquam adminiſtrat: vel Nõ omnino illegitima,

390.0 743.0 254.0 36.0 ſed tantum ex parte.

421.0 765.0 550.0 50.0 Illegitima omnino eſt ea, in qua omnia Dei

391.0 800.0 580.0 47.0 verbo preſcripta, ſunt prætermiſſa vel violata, vt

392.0 831.0 580.0 45.0 ſi quis ſeipſum intruſerit priuata autoritate. Nõ

392.0 863.0 583.0 49.0 omnino ſed tãtùm ex parte illegitima eſt ea, in

394.0 897.0 579.0 47.0 qua tantùm quædam ex illis non obſeruata fue¬

394.0 928.0 583.0 47.0 runt, ſed prætermiſſa. Ergo cuius omnino illegiti

395.0 962.0 581.0 48.0 ma vocatio eſt, is certè pro priuato habendus

395.0 993.0 584.0 47.0 eſt, ac huiuſmodi vocatio pro nulla. Itaque ne¬

398.0 1027.0 580.0 47.0 que ſacramenta conferre poteſt, neque reli¬

397.0 1060.0 579.0 47.0 qua negotia eccleſiæ gerere: & quæ geſſit pro

398.0 1090.0 581.0 48.0 nullis habentur, niſi fortaſſe eſſet extraordinaria

398.0 1123.0 581.0 49.0 illius vocatio, id eſt, quæ ſignis teſtimoniíſque

399.0 1157.0 581.0 57.0 certis à Deo confirmata eſſet. Sola autem propa¬

931.0 1190.0 51.0 44.0 gati
