1000 1448
512.0 89.0 368.0 38.0 AD I. PAVL. AD TIM.

398.0 102.0 50.0 37.0 254

422.0 116.0 548.0 54.0 Verè vidua) Quænam autem illa ſit veravidua

393.0 158.0 578.0 43.0 poſtea docet paulus inſ.verſ.5. eſt autem quæ Pia

393.0 189.0 575.0 43.0 eſt, & Deſtituta omni alia ope. Vnde illa Hieron.

392.0 219.0 579.0 48.0 definitio, quæ eſt in illius quadam epiſtola ad Fa¬

395.0 253.0 574.0 42.0 biolam non ſatis huic loco conuenit, vbi de offi¬

394.0 285.0 576.0 47.0 cio paſtoris euangelici agitur. Vidua eſt, ait, cuius

393.0 321.0 578.0 40.0 maritus mortuus eſt. Primum enim de piis tã¬

393.0 351.0 579.0 43.0 tùm viduis hic locus intelligitur, non de omni¬

394.0 382.0 577.0 47.0 bus: deinde propriè quod ad ſubſidium dandum

393.0 423.0 578.0 38.0 Ipectat, de ns tamtmmtemgitut, quæ deſtituun¬

392.0 449.0 579.0 44.0 tur omni alio auxilio & ope: non de omnibus e¬

397.0 485.0 233.0 43.0 genis, etiam viduis.

446.0 555.0 12.0 38.0 t

486.0 543.0 484.0 50.0 Quòd ſiqua vidua liberos aut nepo¬

392.0 584.0 579.0 50.0 tes habet, diſcant in primis in propriam do¬

392.0 623.0 579.0 47.0 mum pietatem exercere, & vicem rependere

394.0 661.0 576.0 51.0 parentibus. hoc enim eſt honestum & acce¬

396.0 703.0 242.0 47.0 ptum coram Deo.

427.0 761.0 546.0 45.0 Πιαρακολήθησις, ſiue Τάξις. Proſpicit enim viduis

395.0 796.0 578.0 43.0 & docet à quibus illæ ſint alendæ. Nempe à pro¬

395.0 830.0 577.0 43.0 prijs liberis, id eſt, filijs, nepotibus, abnepotibus

396.0 863.0 577.0 40.0 in infinitum, ſi quos tamen illa habet, qui id

395.0 894.0 580.0 41.0 facere poſſint. Videtur autẽ in genere ipſo dicẽ¬

397.0 928.0 578.0 38.0 di Paulus alludere ad cap.21. Geneſ. verſ.23. vbi

399.0 958.0 310.0 41.0 vidua ſic deſcribi videtur.

432.0 988.0 543.0 43.0 Vox igitur Μανθανέτωσαν ad liberos viduarum

396.0 1026.0 579.0 38.0 pertinet. Æqua ſanè ratio, vt etiam hoc loco ne¬

397.0 1057.0 578.0 41.0 potes, & in infinitum alij, liberorum nomine cõ¬

397.0 1090.0 579.0 42.0 prehendantur, quia ab auia tanquam à propria

396.0 1123.0 579.0 40.0 ſtirpe ſuam originem habent, & vt ſint. Itaque

397.0 1154.0 579.0 59.0 eos, vti authores, poſt Deum gencris vitæ que ſuæ

884.0 1188.0 94.0 46.0 debent
