1000 1448
395.0 98.0 56.0 21.0 300

502.0 86.0 378.0 38.0 AD I. PAVL. AD TIM.

395.0 115.0 572.0 47.0 Vino tamẽ abſtinere voluiſſe, niſi fortaſſè Berna.

391.0 152.0 576.0 45.0 excipias, qui ſe vino docet abſtinuiſſe. Atqui ta¬

390.0 184.0 576.0 46.0 men Paulus Epheſ.5. verſ.18. in vno hoc cibi ge¬

386.0 216.0 577.0 45.0 nere laſciuiam & ἀσωτίαν ineſſe teſtatur potius,

390.0 247.0 575.0 49.0 quàm in reliquis omnibus cibis. Ex quo apparet

387.0 279.0 578.0 45.0 Monachiſmum noſtri temporis, addo etiam le¬

386.0 312.0 578.0 47.0 ſuiſmum, eſſe meram hypocriſin, in quo non

388.0 345.0 576.0 45.0 vera abſtinentia præſcripta eſt, ſed ſola tantùm

387.0 375.0 577.0 45.0 oſtẽtatio & abſtinentiæ vmbra, cùm vino potius,

389.0 409.0 575.0 48.0 quàm carne eſſet illis abſtinendum, ſi verè carnẽ

386.0 443.0 515.0 45.0 contundere ſtudebant. Atque hæc de cibis.

418.0 477.0 547.0 43.0 Sequitur tertium & vltimum huius diſputa¬

386.0 506.0 579.0 47.0 tionis caput, in quo altera regula à nobis in vitæ

384.0 541.0 580.0 44.0 ratione, quæ à præpoſitis Eccleſiæ ſeruanda eſt,

384.0 574.0 578.0 42.0 conſtituta continetur & exponitur. Quæritur e¬

383.0 602.0 580.0 47.0 nim De modo ſuſcipiendæ iſtius abſtinentiæ, &

383.0 634.0 580.0 45.0 inſtituendæ ſobriæ victus rationis, quis eſſe &

383.0 667.0 581.0 47.0 ſtatui debeat. Breuiter autem reſpondet Paulus,

383.0 703.0 579.0 45.0 eum eſſe modum legitimum, atque laudandum,

383.0 735.0 579.0 43.0 in quo valetudinis ratio habetur à nobis. Ex quo

382.0 767.0 580.0 43.0 fit, vt tria colligamus. primum non eſſe nobis o¬

383.0 800.0 582.0 43.0 mnino omnibus cibis abſtinendum. Neque enim

382.0 830.0 580.0 47.0 tunc, niſi modo planè miraculoſo, viuere poſſe¬

383.0 864.0 579.0 45.0 mus. Deinde couſequitur, non ſemper, aut in

381.0 900.0 578.0 39.0 perpetuum extraordinaria illa ciborum abſtinẽ¬

380.0 930.0 578.0 43.0 tia vtendum nobis eſſe, ſed tantùm ad tempus.

381.0 962.0 580.0 43.0 Nam deficerent vires, & paulatim ita debilitare

381.0 994.0 580.0 44.0 tur natura, vt nulli negotio ſupereſſe poſſemus.

382.0 1027.0 579.0 42.0 Sobrietas quidem nobis eſt per totum vitæ cur¬

380.0 1061.0 580.0 39.0 riculum ſeruanda: ſed hæc quoque non ſem¬

381.0 1092.0 581.0 39.0 per in ijſdem cibis fugiendis verſatur. Præterea

380.0 1125.0 578.0 39.0 cùm de extraordinaria quæritur, quæ ad doman¬

382.0 1158.0 579.0 46.0 dum magnũ carnis impetum adhibetur, ea cer¬

811.0 1191.0 149.0 46.0 tè perpetuò
