1000 1448
601.0 96.0 41.0 49.0 273

221.0 103.0 183.0 22.0 CARVT V.

104.0 118.0 542.0 58.0 Tertiò vidẽtur hę mulieres diaconiſſe ad Mar

66.0 153.0 576.0 55.0 thę imitationem toleratę vel inductę in eccleſia,

65.0 189.0 578.0 53.0 atque ad exemplum earum mulierum piarum,

69.0 221.0 573.0 51.0 quę Chriſto miniſtrabant, de quibus Lucas 1o.

67.0 253.0 576.0 51.0 verſ. 41. 8.verſ.3. Vtcunque vtilis viſa eſt eccle¬

64.0 286.0 578.0 51.0 ſię pro tempore illa aeceſſio & ſubſidiaria mulie¬

63.0 320.0 577.0 49.0 rum opera, antequam eſſent in Chriſtiana eccle¬

61.0 353.0 580.0 50.0 ſia Ptochodocheia, Noſodocheia & Hoſpitalia

68.0 383.0 573.0 52.0 quę dicuntur, quòd commodiſſimum eſſet & ma

62.0 417.0 579.0 47.0 ximè idoneum mulierum miniſterium quibuſdã

61.0 448.0 576.0 53.0 in rebus, atque adeo aptius, quàm Diaconorum.

98.0 481.0 539.0 49.0 Vnde quę ætas ſecuta eſt tẽpora Apoſtolica,

59.0 513.0 578.0 50.0 Diaconiſſas habuit, vt ex conciliis Neocęſarien¬

58.0 545.0 579.0 51.0 ſi, Laodiceno, & Chartaginenſi apparet, & ex ve¬

58.0 578.0 580.0 52.0 terum ſcriptis, imprimis autem Epiphanio, qui

58.0 609.0 578.0 52.0 vixit ſub Theodoſio maiore, & hiſtorià eccleſia¬

58.0 641.0 578.0 52.0 ſtica: adeo vt magnę dignitatis poſtea huiuſmodi

57.0 674.0 576.0 49.0 Diaconiſſę in eccleſia fuerint. Nã Iſchyrias Dia¬

58.0 707.0 577.0 53.0 coniſſa interfuit ſynodo Chalcedonẽſi quemad¬

57.0 740.0 577.0 52.0 modum Euagrius ſcribit lib.2. cap.16. & Pulche¬

54.0 773.0 579.0 47.0 ria etiam ipſius Theodoſij Iunioris Conſtantino

55.0 806.0 578.0 51.0 pol. Imperatoris ſoror in Diaconiſſam electa eſt

57.0 839.0 499.0 46.0 vt ex Hermio Sozom. facilè colligi poteſt.

85.0 871.0 549.0 50.0 Præter Diaconiſſas autem neque Presbyteri¬

56.0 902.0 576.0 53.0 das, neque epiſcopiſſas mulieres habebat Chri¬

54.0 936.0 579.0 51.0 ſtiana eccleſia, quanquam Pepuziarii hæretici

56.0 968.0 573.0 52.0 nullam Maribus dignitatẽ in eccleſia tribuerent,

56.0 1001.0 574.0 52.0 quam eãdem etiam fœminis non cõcederent. At

54.0 1031.0 577.0 52.0 ex Pauli præcepto aliud ſemper orthodoxa eccle

51.0 1064.0 578.0 50.0 ſia obſeruauit. Nullũ enim huiuſmodi munus vn¬

54.0 1098.0 575.0 51.0 quã fœminis delegauit, quod in docendo verſare¬

55.0 1130.0 574.0 53.0 tur. Itaque Epiphani. Hęreſ. Collyridianorum

57.0 1164.0 570.0 57.0 quæ eſt 79. ſic ſcribit. Hρεςθυλερίδες ἠιερίσταιούκ ἐιοιν

481.0 1205.0 37.0 50.0 ſj.
