1000 1448
390.0 86.0 71.0 26.0 403

486.0 67.0 380.0 40.0 An I. TAVE. AD TIM.

386.0 99.0 572.0 50.0 peccati. Volunt enim omnes rectè de ſe & ho¬

384.0 135.0 375.0 45.0 neſtè ab alijs ſentiri & iudicari.

418.0 168.0 541.0 45.0 Secundus finis, eſt ipſius Eccleſiæ incolumitas

383.0 202.0 578.0 44.0 id eſt, ſpectat ipſum Eccleſiæ cœtum, ne propter

385.0 234.0 575.0 42.0 vnius priuati ſcelus malè audiat tota Eccleſia, vi¬

383.0 267.0 578.0 44.0 deatúrque, ſi talem retineat, potius ſentina ma¬

383.0 300.0 577.0 45.0 lorum, & porcorum eſſe hara, quàm Dei ſacra¬

383.0 333.0 575.0 43.0 tiſsima ara & templum. Sic improbos & impios

382.0 365.0 576.0 42.0 è Dei Eccleſia eiici vult & præcipit Paul. Epheſ.

384.0 398.0 575.0 43.0 5.verſ.3.4. Nihil enim immundum in Dei Eccle¬

382.0 434.0 576.0 43.0 ſia tolerari debet, quantum quidem percipi &

382.0 462.0 239.0 42.0 deprehendi poteſt.

422.0 497.0 537.0 39.0 Tertius excommunicationis finis eſt aliorum

380.0 526.0 578.0 41.0 fidelium vtilitas, vt hoc exemplo territi ab huiuſ¬

382.0 561.0 577.0 40.0 modi peccatis & criminibus abſtineant. Corrũ¬

380.0 594.0 580.0 43.0 punt enim facilè bonos mores colloquia & ex¬

380.0 627.0 577.0 39.0 empla aliorum praua. Ergo hac ſeueritate per¬

380.0 660.0 578.0 43.0 ſpecta etiam mali in officio continentur, & ti¬

382.0 694.0 85.0 38.0 ment.

412.0 725.0 546.0 40.0 Septimo autem & vltimo loco quæritur, quæ

380.0 756.0 578.0 42.0 ſit legitimæ & iuſtæ excommunicationis pœna

381.0 787.0 576.0 45.0 & effectũ. Et certè, vti diuini cuiuſdam & cœle¬

380.0 822.0 576.0 41.0 ſtis fulminis, magnus eſt fragor & vis magna.

379.0 854.0 579.0 41.0 Duo autem effecta ſolent enumerari excom¬

378.0 886.0 580.0 43.0 nicationis præcipua & potiſſima. Vnũ, qui ratio¬

378.0 918.0 579.0 44.0 ne Dei:alterũ qui Hominum, ſpectari debet. Ac

380.0 953.0 576.0 39.0 quidem Dei ratione excommunicatio legitimè

379.0 983.0 579.0 39.0 & iuſtè facta excommunicatum ſeparat à Chri¬

380.0 1016.0 574.0 41.0 ſto & vita æterna. Dicit enim Chriſtus quæcunq;

379.0 1048.0 578.0 36.0 ligaueritis in terra Matth.18. erunt ligata in cælis

378.0 1081.0 580.0 42.0 ne huius teli vis imbecilla eſſe iudicetur: aut Dei

381.0 1119.0 577.0 36.0 verbi authoritas vileſcat apud homines. Certè

378.0 1147.0 581.0 58.0 excommunicatio conſcientiam propriè ſpectat,

870.0 1184.0 84.0 41.0 & ani¬
