1000 1448
354.0 89.0 57.0 42.0 258

459.0 74.0 387.0 44.0 AD I. PAVL. AD TIM.

353.0 106.0 578.0 52.0 cet (neque enim aliter vidua dici poſſet) ſed & li¬

354.0 140.0 578.0 54.0 beris, & cognatis, & omni alio humano præſidio

356.0 174.0 578.0 53.0 deſtitutã. Quæ iã conditio planè eſt afflictiſſima

356.0 207.0 579.0 48.0 & commiſeratione, atque Eccleſiæ & paſtorum

357.0 236.0 579.0 55.0 cura digniſſima. Quare ipſo viduæ nomine, id eſt,

358.0 272.0 579.0 50.0 deſertæ & deſtitutæ mulieris appellatione, quæ

359.0 302.0 578.0 53.0 certè ſtatum miſerabilem denotat, illæ nobis cõ¬

361.0 336.0 578.0 50.0 mendatiſſimæ eſſe debent. Vbi enim melior elee¬

361.0 366.0 577.0 53.0 moſina, aut vbi iuſtior miſericordia eſſe poteſt,

362.0 400.0 575.0 52.0 quàm vbi eſt maior miſeria atque afflictio? Neq;

362.0 435.0 576.0 48.0 tamen, ſi quæ viduæ eos liberos aut propinquos

362.0 465.0 578.0 53.0 habeãt, à quibus præter officium deſerantur, ſunt

363.0 497.0 577.0 51.0 ab Eccleſiæ eleemoſyna arcendæ, & deſerendæ,

366.0 534.0 573.0 49.0 quia perinde eſt tales cognatos habere, atque o¬

365.0 561.0 577.0 51.0 mnino nullos. Hæc igitur eſt prima viduæ defini¬

365.0 608.0 51.0 39.0 tio.

391.0 628.0 550.0 50.0 Sequitur altera, ex qua maior etiam commen¬

366.0 658.0 577.0 52.0 dationis earum ratio apparet. Eas enim verè vi¬

366.0 693.0 579.0 50.0 duas appellat, quæ Pietatem habent, & Eam ex¬

366.0 725.0 580.0 51.0 ercent ſuo ſpecialíq; modo, qui eas deceat. Quod

368.0 758.0 578.0 48.0 enim de viduis ait hoc loco Paulus, proprium

370.0 791.0 576.0 49.0 quodammodo earum eſſe videtur, non etiam cõ¬

370.0 824.0 577.0 47.0 mune cæterarum mulierum. Eſt verò vtraque

370.0 854.0 579.0 48.0 definitio coniungenda, vt quæ ſit vera vidua, poſ¬

370.0 887.0 580.0 50.0 ſit agnoſci. Neq; enim omnis quæ ſola eſt & de¬

370.0 918.0 580.0 48.0 ſtituta alieno auxilio, eſt vera vidua, ſi piam ſe nõ

372.0 951.0 579.0 50.0 præſtet. Neque omnis mulier, quæ pia eſt, vidua

374.0 983.0 579.0 49.0 quoque eſt, aut ea vidua, de qua hîc Paulus agit,

372.0 1016.0 581.0 49.0 quæ àb Eccleſia debeat ali, veluti ſi non eſt μεμo¬

371.0 1048.0 581.0 49.0 νωμένη. Neque enim omnes, etiam, quæ ſolæ ſunt

372.0 1081.0 579.0 50.0 & deſertæ, piæ ſunt: ſed quæ vtrunque miſera ex¬

371.0 1118.0 397.0 43.0 peritur, ea demum verè eſt vidua.

397.0 1145.0 552.0 59.0 Spes autẽ in Deũ hoc loco continet πειγραφην

897.0 1175.0 57.0 50.0 fide
