1000 1448
497.0 82.0 375.0 47.0 AD I. PAVL. AD IIM.

388.0 98.0 55.0 37.0 256

386.0 111.0 576.0 61.0 tùm eos, qui nos è ſuo ſanguine genuerunt, qua¬

386.0 150.0 578.0 55.0 lis eſt patruus, amita, matertera, frater, & ſoror,

387.0 181.0 579.0 57.0 denique quales ſunt omnes, qui nobis aliqua ſan¬

388.0 212.0 579.0 57.0 guinis neceſſitudine ſunt coniuncti: quos egentes

388.0 246.0 578.0 56.0 & inopes deſerere, cùm ipſi abundemus opibus,

388.0 277.0 579.0 56.0 eſt certè criminoſum, nefas & impium. Eſt enim

390.0 312.0 579.0 54.0 Charitatis regula amplianda, & ex pari ratione,

392.0 344.0 577.0 54.0 quid Dominus nobis hîc præſcribat, ſatis intelligi

392.0 376.0 578.0 57.0 poteſt. Itaque Leuitic.18, illæ perſonæ, quas com¬

392.0 408.0 579.0 53.0 memoraui, nobis parentes ipſos referre dicuntur

395.0 440.0 576.0 57.0 & pietas Abrahami nota eſt, qui patrem Thare

393.0 474.0 579.0 54.0 aſſumpſit. Dauidis, qui omnes è ſua familia ſecum

394.0 505.0 577.0 54.0 in deſerto habuit, & aluit, itémque patrem &

395.0 537.0 577.0 58.0 matrem tuto loco depoſuit apud regem Moabi¬

395.0 571.0 576.0 52.0 tarum 1.Samuel.22. Idem in l.alimenta C. de ne¬

395.0 600.0 578.0 62.0 gotiis Geſt. ab hominibus profanis reſpõſum eſt.

440.0 665.0 535.0 61.0 5 Porrò quæ verè vidua eſt ac ſola, ſpe¬

397.0 706.0 579.0 62.0 rat in Deo, & permanet in ſupplicationibus

399.0 748.0 324.0 57.0 & precibus nocte ac die.

431.0 793.0 548.0 56.0 Ε’ξηγησις eſt ſiue ὀαισμός. Exponit enim quænã

401.0 830.0 578.0 53.0 ſint illæ verè viduæ, quas ſupra honorare præce¬

401.0 863.0 578.0 54.0 pit. Ex hac autem ipſa deſcriptione, quales viduę

403.0 895.0 575.0 55.0 piæ eſſe debeãt, intelligitur. Hęc autẽ verba poti?

403.0 924.0 578.0 55.0 Indicandi, quàm imperãdi modo ſunt accipiẽda,

405.0 959.0 575.0 52.0 quemadmodũ fecit Ambroſius, ídque omnino

404.0 990.0 579.0 54.0 rectè, & ex propria Græcarũ vocũ ſignificatione.

405.0 1021.0 578.0 56.0 Ait igitur Paulus verè vidua eſt ea, quæ manet in

407.0 1056.0 576.0 54.0 precibus: non autem ſic ait quaſi præcipiens, ve¬

407.0 1088.0 579.0 51.0 rè vidua maneto, vel maneat in precibus. Primũ

408.0 1120.0 578.0 52.0 igitur harum, quarum cura ab Eccleſia maximè

408.0 1150.0 579.0 65.0 ſuſcipi debet, conditionem proponit, & quàm ſit

868.0 1186.0 118.0 52.0 paſtorum
