1000 1448
569.0 88.0 56.0 51.0 269

231.0 106.0 175.0 27.0 CAPVT V.

46.0 121.0 579.0 55.0 ſunt, atque adeò valent ad eum finem, ad quem

47.0 160.0 578.0 47.0 Deus dedit illa. Itaque vti ingratitudo Iudęorum

47.0 193.0 576.0 47.0 non aboleuit ſignum fœderis nempe circunciſio

45.0 226.0 577.0 46.0 nẽ: ſic neque improbitas parentum efficit quò

48.0 258.0 576.0 46.0 minus liberi ex fœdere in populo Dei cenſean¬

45.0 289.0 579.0 48.0 tur. Particularisquidem effectus donorum Dei in

45.0 321.0 580.0 48.0 ipſis improbis nullus eſt, generalis autem effe¬

45.0 355.0 576.0 48.0 ctus eorundem manet propter baptiſmum & fœ

46.0 388.0 575.0 42.0 dus Dei, vt propterea non ſint omnino cum in¬

45.0 418.0 576.0 50.0 fidelibus exæquandi, nec debeant eorum liberi à

45.0 451.0 205.0 44.0 Baptiſmo arceri.

88.0 501.0 534.0 52.0 9 Vidua allegatur non minor annis ſe¬

43.0 540.0 485.0 51.0 xaginta, quæ fuerit vnius viri vxor.

65.0 581.0 555.0 52.0 Τάξις. Ingreſſus enim Paulus diſputarionem

45.0 618.0 575.0 46.0 de viduis, quæ ab eccleſia aluntur, canonem ad¬

45.0 648.0 573.0 46.0 dit de iiſdem valde neceſſarium, maximè pro ra¬

43.0 682.0 575.0 48.0 tione & illius temporis, & huius quod poſtea ſub

42.0 712.0 575.0 49.0 ſecutum eſt. Nam noſtro hoc ſeculo in omnibus

43.0 746.0 575.0 49.0 reformatis eccleſiis ceſſat huius canonis & præ¬

41.0 780.0 577.0 46.0 cepti vſus. Ex quo apparet, quæ ad particularem

41.0 813.0 577.0 46.0 eccleſiæ politiã pertinent & pro ratione tantùm

39.0 847.0 577.0 45.0 temporum aut locorum aut perſonarum conſti¬

39.0 878.0 578.0 48.0 tuta & recepta ſunt, ea non eſſe perpetua:ſed pro

41.0 911.0 575.0 43.0 diuer ſa temporum, locorum, perſonarum &c.cir

44.0 942.0 571.0 45.0 conſtantia mutari poſſe: quemadmodum etiã ex

40.0 973.0 575.0 49.0 iis apparet, quę à prima ſynodo Hieroſolymita¬

39.0 1007.0 576.0 45.0 na, quæ ab Apoſtolis habita eſt, decreta ſunt A¬

37.0 1039.0 579.0 46.0 ctor.15. Neque enim illa ſemper fuerũt obſerua¬

36.0 1072.0 578.0 46.0 ta, quod in eo cernitur, quod de ſuffocato conſti¬

37.0 1103.0 575.0 49.0 tutum eſt. Illud enim prorſus hodie & ceſſat &

39.0 1135.0 174.0 41.0 ſublatum eſt.

63.0 1168.0 547.0 56.0 Hic igitur canon de Viduis à Paulo ſancitur,
