1000 1448
602.0 95.0 48.0 46.0 339

252.0 105.0 178.0 19.0 CAPVT. V.

76.0 118.0 574.0 55.0 co vtcunque precibus inſtent & vrgeant nos a¬

74.0 156.0 576.0 49.0 lij, non eſſe alienis tamen peccatis communican¬

74.0 187.0 575.0 51.0 dum. Nam qui indignum eligit, vel eligi conſen¬

74.0 221.0 574.0 50.0 tit, reus eſt omnium errorum & peccatorum, quę

74.0 255.0 575.0 49.0 poſtea electus ille committit. Deindé conſentit

74.0 287.0 575.0 48.0 cum malè agentibus, quatenus ipſe temerariis

74.0 320.0 575.0 48.0 eorum ſuffragiis conſenſum ſuũ addit atque ad¬

73.0 349.0 577.0 50.0 iungit. Verum eſt enim illud, Agentes & Conſen¬

73.0 386.0 575.0 47.0 tientes pari pœna puniuntur: Iacob patriarcha

73.0 416.0 576.0 48.0 Geneſ.49. verſ. 6.negat ſe malo conſilio Simeo¬

70.0 449.0 576.0 47.0 nis & Leui de necandis Sichemitis aſſenſum eſſe.

70.0 480.0 578.0 50.0 Pſ.5o. verſ.18. Qui cum furibus currunt, pro furi¬

71.0 511.0 575.0 51.0 bus habentur apud Deum. Denique ait Paul.1.

74.0 543.0 573.0 51.0 Theſſ.5.ab omni malo malíque ſpecie eſſe nobis

69.0 575.0 581.0 53.0 abſtinendum. Neque hoc cuiuſquam gratiæ cõ¬

69.0 608.0 577.0 48.0 cedendum à nobis eſt, vt in illius fauorem pecce¬

69.0 639.0 576.0 55.0 mus, officium noſtrum negligamus, & Deum ip¬

70.0 674.0 576.0 48.0 ſum deſeramus atque offendamus, cui nos noſtri

67.0 707.0 580.0 50.0 ſuffragij & vocis rationem reddere aliquando

66.0 739.0 147.0 40.0 oportebit.

101.0 768.0 537.0 58.0 Quòd ſi iterum inſtent & premant nos alij, ꝙ

64.0 804.0 577.0 52.0 plura ſint aliorum & cõtraria nobis ſuffragia, nos

64.0 838.0 579.0 50.0 tamen puros ſeruemus, quid nobis videatur, libe¬

64.0 868.0 578.0 53.0 rè declaremus, & noſtra conſilia ab huiuſmodi

62.0 900.0 580.0 53.0 temerario ſuffragio indignis hominibus dãdo ſe¬

67.0 937.0 576.0 48.0 paremus. Atque hoc eſt ſecundũ remedium, ſiue

64.0 966.0 578.0 53.0 ſecũda legitima excuſatio & pręmunitio boni pa¬

63.0 998.0 578.0 51.0 ſtoris aduerſus inſtantes quorũdam preces & ſuf¬

62.0 1029.0 579.0 53.0 fragia iã lata itémque aduerſus calumnias mul¬

62.0 1061.0 577.0 55.0 totum, qui nos putant, dum noſtra ſuffragia qui¬

65.0 1094.0 575.0 53.0 buſdam iam ab aliis electis & probatis denega¬

61.0 1126.0 580.0 54.0 mus, vel tam citò in illis non aſſentimur, duci ali¬

63.0 1160.0 574.0 61.0 quo in eos odio vel inuidia, vel etiam nos eſſe

492.0 1205.0 47.0 54.0 v.ij.
