1000 1448
378.0 102.0 77.0 29.0 204

480.0 89.0 386.0 37.0 AD I. PAVL. AD TIM.

376.0 119.0 577.0 47.0 dit Paul. Eſt autem hæc altera pars Pia, & religio¬

375.0 156.0 578.0 43.0 ſa vita. Neque enim paſtores tantùm ſanam do¬

375.0 187.0 579.0 42.0 ctrinam tradere debent, ſed etiam vitæ ſuæ ho¬

375.0 222.0 578.0 42.0 neſto exemplo eam confirmare, & cæteris prælu¬

376.0 253.0 576.0 43.0 cere. Quemadmodũ & Chriſtus ipſe Matt.5.v.13.

375.0 285.0 577.0 40.0 & Petrus 1.Pet. 3.V.2.3. docent. Ratio igitur huius

377.0 317.0 577.0 43.0 additionis duplex eſt. Prima, quòd Miniſtri verbi

374.0 351.0 578.0 39.0 Dei cæterorũ cõparatione eſſe debent lux mun¬

374.0 382.0 580.0 38.0 di, & lucidũ exemplar ſanctæ vitæ non tantùm

375.0 414.0 579.0 45.0 fidelibus, ſed etiã ipſis infidelibus, vt docet inf.v.

375.0 447.0 578.0 42.0 Paul.12. & Tit.2.v.7. Secunda verò, quòd doctri¬

373.0 479.0 582.0 47.0 næ ſuę fidẽ illi derogãt, qui ſunt turpis, & inhone¬

374.0 512.0 580.0 44.0 ſtæ vitæ paſtores. Si quis enim docet non eſſe fu¬

372.0 546.0 582.0 42.0 randũ & ipſe furetur, eleuat ſuæ præceptioni vim

371.0 577.0 585.0 43.0 & authoritatem, que madmodum ait Paul. Rom.

373.0 609.0 581.0 42.0 2. Contrà verò ipſa ſuæ doctrinæ praxi & præ¬

373.0 640.0 581.0 45.0 ſtatione conſtanti cæteros in ea doctrina confir¬

372.0 672.0 585.0 47.0 mat. Cauendum igitur nobis eſt, ne prædican¬

373.0 705.0 581.0 44.0 tes alijs ipſi reprobemur, nobíſque verè obiicia¬

372.0 736.0 582.0 45.0 tur illud, quod Chriſtus Phariſæis, Dicunt, ſed nõ

373.0 769.0 582.0 43.0 faciunt 1.Corinth.9.V.27. Matt.23.verſ.3. Pulchra

374.0 803.0 582.0 44.0 igitur eſt harmonia rectè docentis & ſanctè vi¬

374.0 837.0 312.0 39.0 uentis Miniſtri verbi Dei.

407.0 866.0 549.0 46.0 Similis huic loeus eſt 2. Timoth. 2.verſ.15.Tit.

376.0 903.0 109.0 37.0 2.verſ.7.

407.0 927.0 549.0 44.0 Diſsimiles verò loci afferri vidẽtur poſſe. Pri¬

374.0 963.0 583.0 44.0 mum dictum Chriſti Math. 23. verſ.1. Etſi enim

374.0 998.0 584.0 38.0 erant Phariſæi moribus impuris, eorum tamen

375.0 1029.0 583.0 38.0 ſanam doctrinam ſequendam & retinendam eſſe

374.0 1061.0 584.0 43.0 docet Chriſtus. Reſpond. Gregis quidem ratio¬

374.0 1094.0 584.0 41.0 ne illa Chriſti ſententia vera eſt, eorum nempe

375.0 1126.0 583.0 42.0 paſtorum doctrinam eſſe amplectendam: qui à

377.0 1158.0 582.0 52.0 veritate non diſcedunt. Sed tamen illi ipſi ſi malè

857.0 1190.0 103.0 49.0 vixerint
