1000 1448
247.0 98.0 216.0 18.0 CAPVT IIII.

594.0 73.0 51.0 54.0 241

61.0 113.0 581.0 46.0 probabimus, Deo dante, & iã ex parte docuimus

61.0 155.0 580.0 36.0 ſupra cap.3.ex veteri & bene conſtituta Chriſtia¬

61.0 185.0 580.0 38.0 næ Eccleſiæ inſtitutione, non vnicum Epiſcopũ

61.0 217.0 579.0 39.0 id eſt, nõ vnam quandam duntaxat perſonam ad

61.0 250.0 579.0 38.0 regendam totam Eccleſiam electam & ordinatã

59.0 280.0 578.0 42.0 fuiſſe (id quod nunc fit in Papatu) ſed plures ſi¬

60.0 314.0 579.0 39.0 mul delectos, quibus Eccleſiæ cura demandare¬

60.0 346.0 580.0 42.0 tur, tum in ijs quæ ad doctrinam pertinent &

59.0 378.0 581.0 42.0 hi erant Paſtores, & Doctores: tum etiam quæ

60.0 412.0 581.0 40.0 ad mores, & Pauperum ærarium, quales erant

59.0 441.0 580.0 43.0 Paſtores iidem, Preſbyteri, Diaconi. Ex quo fit

59.0 476.0 582.0 42.0 vt à Tertulliano in Apolog. cap, 39. Rectores

59.0 506.0 578.0 43.0 Eccleſiæ dicantur non duntaxat ſoli Epiſcopi,

57.0 538.0 582.0 42.0 ſed cum illis etiam Diaconi, & Preſbyteri, tan¬

59.0 572.0 581.0 42.0 quam ipſorum Epiſcoporum collegæ. Quod idẽ

57.0 604.0 580.0 41.0 in lib. de fuga in perſequutione confirmat, & in¬

58.0 637.0 579.0 41.0 finitis penè locis Cyprianus. Atque etiam Augu¬

58.0 668.0 392.0 42.0 ſtinus, veluti in Enchirid. cap.65.

88.0 699.0 549.0 40.0 Ergo his ita præmunitis quæſitum eſt. Vtrum

56.0 733.0 581.0 42.0 ad vnum tantùm Epiſcopum, vel delegatum ab

57.0 768.0 580.0 39.0 eo aliquem, ius cenſuræ & emendationis morũ,

56.0 798.0 586.0 42.0 (quæ Eccleſiaſtica dicitur) eiuſque cognitio tota

54.0 831.0 584.0 41.0 pertineat: an potius ad plures? Quod ſi pertinet

56.0 867.0 581.0 38.0 ad plures, vtrum ad totum cœtum Eccleſiæ, an ad

53.0 896.0 584.0 43.0 ſingulos fideles qui ſunt de eo cœtu, an ad eos tã¬

55.0 929.0 584.0 40.0 tùm qui Eccleſiæ præfecti, Authores, ηγομένος, &

55.0 961.0 583.0 40.0 Præpoſiti dicuntur, quales ſunt Preſbyteri & pa¬

55.0 995.0 582.0 41.0 ſtores ſimul, qui alio nomine dicuntur ſenatus Ec¬

56.0 1025.0 149.0 38.0 cleſiaſticus.

87.0 1057.0 551.0 43.0 Ac primùm ad vnum duntaxat totam eam po¬

59.0 1091.0 580.0 41.0 teſtatem & cognitionem pertinere nõ poſſe pro¬

56.0 1121.0 581.0 43.0 bat Chriſti & Pauli dictum. Chriſtus vult per¬

59.0 1155.0 578.0 52.0 uicaciam rebellium denuntiari & dici Eccleſiæ,
