1000 1448
226.0 110.0 226.0 30.0 CAPVT IIII.

582.0 89.0 46.0 51.0 205

50.0 131.0 582.0 55.0 vixerint, eò grauius ſunt damnãdi, quòd eos, quos

51.0 168.0 581.0 50.0 verbis ædificare ſtudent, vitæ turpiſſimę exem¬

52.0 199.0 581.0 51.0 plo perdunt. Poſtea verò aduerſus hunc locum

52.0 230.0 581.0 52.0 obiicitur illa Chriſti ſententia, Martha ſollicita

52.0 262.0 581.0 53.0 eſt circa plurima Luc. 1o. verſ. 41. Ex qua vitam

53.0 296.0 580.0 50.0 contemplatiuam Actiuæ, quam vocant, & quam

53.0 327.0 577.0 53.0 hac voce, γέμναZε, ſignificaſſe videtur Paulus, prę¬

54.0 361.0 580.0 52.0 ferri colligunt. Reſpond. Nihil illum locum cum

54.0 390.0 581.0 54.0 hoc Pauli habere commune. Alia enim planè

55.0 421.0 581.0 56.0 Chriſti mens eſt illîc, quàm vt piæ & actiuæ, quã

56.0 460.0 581.0 48.0 vocant, vitæ ſtudium reſtinguere in nobis cone¬

55.0 491.0 583.0 50.0 tur Chriſtus: quod actiuæ vitæ genus hîc procul

56.0 521.0 583.0 54.0 dubio etiã Paulus commẽdat: at que vanę & Mo¬

57.0 559.0 581.0 44.0 nachicæ hominum ſpeculationi. i. vitæ contem¬

57.0 586.0 581.0 55.0 platiuæ poſtponit, quicquid de loco illo Lucæ

58.0 627.0 335.0 44.0 Monachi imperiti ſentiant.

92.0 646.0 548.0 59.0 Ait γύμναζε Exerce) Qua voce duo demõſtrat

61.0 683.0 577.0 52.0 Paulus, 1 Continuum vitæ noſtræ ſtudium

61.0 714.0 577.0 55.0 & exercitium in eo eſſe debere, vt ſanctè, & piè,

61.0 750.0 580.0 51.0 & religioſè viuamus. Is enim eſt finis, propter

62.0 783.0 576.0 52.0 quem ſalutaris illa Dei gratia per Chriſtum ap¬

62.0 811.0 580.0 57.0 paruit. 2 Vt intelligamus quàm natura inepti

61.0 845.0 580.0 55.0 & indociles ad huiuſmodi opus ſimus, ad quod

61.0 878.0 580.0 52.0 nos ideirco formari longa & perpetua exercita¬

62.0 911.0 580.0 53.0 tione, cura, meditatione, & vigilantia neceſſe eſt,

63.0 942.0 579.0 55.0 Ataque ad ilau non naſcimur apti. Nam ad malè

64.0 976.0 577.0 52.0 agendum non eſt nobis vlla exercitatione opus,

65.0 1010.0 578.0 51.0 cùm ſponte in illam partem propendeamus &

66.0 1038.0 579.0 58.0 procliues ſimus. Denique ex hoc loco verum eſſe

68.0 1072.0 576.0 53.0 intelligitur, quod ait Bernardus epiſt. 201. Paſto¬

67.0 1103.0 579.0 55.0 ris officium eſſe, vt paſcat gregem ſuum verbo:

69.0 1139.0 576.0 54.0 paſcat exemplo, paſcat & ſanctarum fructu ora¬

69.0 1171.0 576.0 58.0 tionum. Nam vocis virtus eſt opus, & operi &
