1000 1448
251.0 130.0 222.0 30.0 CAPVT IIII.

606.0 125.0 45.0 46.0 195

69.0 152.0 585.0 53.0 ctrina blaſphema, quæ Deum ſpoliat ſuo hono¬

69.0 193.0 583.0 45.0 re, & ea gratiarum actione, quæ propter ſumma

69.0 225.0 580.0 46.0 ipſius in genus humanum beneficia illi debetur.

69.0 255.0 580.0 45.0 At hæc Deũ iſto honore priuat. Ergo, &c. Addit

70.0 287.0 588.0 46.0 autẽ quibus maximè hic creaturarum vſus ſit cõ¬

67.0 320.0 582.0 48.0 ceſſus à Deo, nimirum pijs, qui eum noue¬

66.0 353.0 583.0 44.0 runt, & in eum credunt. Hîc enim, noſſe, nõ ſim¬

68.0 386.0 581.0 45.0 plicem & hiſtoricam agnitionem ſignificat: ſed

65.0 420.0 586.0 44.0 cordi inhærentem, & cum animi fiducia coniun¬

65.0 453.0 588.0 44.0 ctam, per quam in Deum homines acquieſcunt

69.0 485.0 573.0 46.0 vera animi fiducia & πλνρςφορία. Similis locus

64.0 516.0 246.0 38.0 Romanor.4.verſ.13.

92.0 545.0 553.0 48.0 Diſsimilis locus Matth.5. verſ.45. & Pſal.17.y.

64.0 580.0 582.0 45.0 14. vbi dicuntur etiam infideles à Deo impleri i¬

63.0 612.0 580.0 47.0 pſius theſauris. Reſpond. Dantur quidem à Deo

61.0 645.0 582.0 46.0 terrena bona etiam infidelibus hominibus: ſed in

61.0 678.0 581.0 46.0 eorum exitium, & perniciem, quò magis reddan¬

60.0 711.0 581.0 45.0 tur inexcuſabiles. Itaque non tam ijs vtuntur,

62.0 741.0 579.0 49.0 quàm abutuntur: neque tam vſus ab iis fit, quàm

61.0 776.0 580.0 46.0 deprædatio quædam, quoniam Deum dantem

59.0 809.0 580.0 43.0 ſpernunt, in cuius contumeliam & contemptum

62.0 840.0 573.0 52.0 iſta dona ſumunt & conſumunt, quem non agno¬

57.0 876.0 286.0 39.0 ſcunt eorum authorem.

102.0 938.0 539.0 51.0 4 Nam quicquid creauit Deus, bonum

57.0 978.0 581.0 50.0 eſt, nec quicquam reijciendum eſt, ſi cum

58.0 1016.0 377.0 46.0 gratiarum actione ſumatur.

82.0 1064.0 556.0 48.0 Eſt hic locus canon, & quidem generalis, ac

55.0 1098.0 585.0 45.0 maximè neceſſarius. Iis omnibus nimirum vti

54.0 1132.0 584.0 44.0 nobis licere, quæ in noſtrum commodum crea¬

56.0 1165.0 583.0 45.0 uit Dominus, modò cum gratiarum actione illa

57.0 1195.0 580.0 54.0 ſumamus. Ex quo colligitur, 1 ad eum finem

470.0 1239.0 60.0 40.0 n.ij.
