1000 1448
370.0 106.0 41.0 29.0 33-

478.0 91.0 374.0 38.0 AD I. PAVL. AD TIM.

366.0 119.0 577.0 47.0 breuiter tantum perſtringemus, & explicabimus

386.0 156.0 558.0 47.0 Ac primũ igitur quæritur, velutià Baſilio libro

366.0 189.0 578.0 45.0 de ſpiritu ſancto ca. 13. vtrũ licuerit Paulo, Ange

366.0 222.0 579.0 41.0 los Chriſto & Deo adiungere. Num verò iſta ſit

366.0 255.0 578.0 40.0 blaſphemia parẽ facere creaturã creatori, eámq;

366.0 287.0 580.0 42.0 illi honore adæquare. Id quod planè idololatricũ

366.0 318.0 580.0 45.0 eſt. Chryſoſtomus reſponder per modeſtiam id

366.0 353.0 580.0 41.0 ſieri à Paulo, vt pote qui non ſolum Deum teſtẽ,

368.0 384.0 578.0 47.0 qui nobis eſt inacceſsibilis longéque digniſſimus

367.0 419.0 579.0 41.0 adhibere voluerit: ſed etiam creaturas ipſas, quæ

367.0 451.0 580.0 42.0 ſunt nobis notiores ac familiariores: imprimis igi

367.0 482.0 578.0 44.0 tur Angelos bonos commemoraſſe, qui ſunt no¬

368.0 515.0 581.0 41.0 bis conciues Epheſ.2.ver.19. Hæc Chryſoſtomus.

367.0 547.0 582.0 46.0 Reſpondeo verò diſtinguendum eſſe finem, pro¬

369.0 580.0 581.0 45.0 ter quem & Deus & Angeli in teſtimonium pro

367.0 611.0 584.0 43.0 ducũtur. Etſi enim vtrique appellãtur, vt ſit ma¬

367.0 645.0 583.0 41.0 ioris momenti hęc obteſtatio, & percellantur ve

368.0 677.0 580.0 43.0 hementius lectorum, & eorum ad quos hæc ad¬

370.0 709.0 582.0 41.0 monitio ſpectat, animi, tamẽ & Deus & Chriſtus

370.0 742.0 584.0 41.0 non tantùm producuntur vt teſtes à Paulo, ſed

370.0 773.0 584.0 45.0 etiam vt vindices futuri, & Iudices paſtorũ cul¬

371.0 807.0 582.0 46.0 pæ, & negligentiæ: Angeli verò proponuntur &

373.0 839.0 581.0 46.0 appellantur tantùm, vt teſtes. Ex quo fit, vt non

370.0 872.0 580.0 45.0 adæquentur Deo: Angeli: neque habeat hic

371.0 904.0 583.0 46.0 locus quicquam, quòd idololatriam ſapiat, aut in

374.0 941.0 262.0 38.0 Deum blaſphemiam.

415.0 967.0 544.0 47.0 Teſtes verò harum rerum, quæ in eccleſia ge¬

374.0 1002.0 584.0 45.0 runtur, citari meritò poſſe Angelos certum eſt,

375.0 1032.0 584.0 47.0 & eos imprimis, quibus à Deo eccleſiæ cura de¬

376.0 1066.0 584.0 44.0 mandatur vt ex Daniele. 1o. verſ. 13. apparet. Et

378.0 1098.0 582.0 43.0 huic noſtræ ſententiæ cõſentit Bernar. ſer. 7. can¬

376.0 1131.0 585.0 41.0 tic.cantic. Doleo perinde aliquos veſtrum graui

378.0 1164.0 583.0 52.0 in ſacris vigiliis deprimi ſomno, nec cœli ciues

888.0 1197.0 72.0 40.0 reue¬
