1000 1448
473.0 78.0 382.0 39.0 AD I. PAVL. AD TIM.

365.0 92.0 63.0 28.0 386

362.0 105.0 579.0 53.0 effectus ceſſaret. Dominus igitur vult aliorum

361.0 142.0 578.0 43.0 ſtatum & animum nobis occultum eſſe, vt cum

363.0 173.0 579.0 47.0 ijs & lubẽtius verſemur: & magis ſollicitè nobis

362.0 209.0 580.0 46.0 ipſis caueamus. Sed etiam illis ipſis, qui peccarũt,

363.0 239.0 579.0 51.0 hæc dilatio datur à Deo, tanquam occaſio matu¬

362.0 273.0 520.0 49.0 rius reſipiſcendi, atque ad Deum redeundi.

396.0 304.0 547.0 51.0 Denique Dominus ipſe, qui rerum omnium

366.0 340.0 576.0 46.0 maturitates & tempora nouit, atque etiam con¬

364.0 371.0 578.0 48.0 ſtituit videt quando & quæ manifeſtari tum

364.0 403.0 579.0 48.0 ad ipſius gloriam, tum etiam ad noſtram ædifica¬

365.0 438.0 579.0 47.0 tionem oporteat. Neque vult nos omnia illa ſci¬

367.0 477.0 215.0 42.0 re quæ ſcit ipſe.

397.0 501.0 549.0 46.0 Huc pertinet quod Eccleſia Dei comparatur

366.0 534.0 580.0 47.0 à Chriſto ipſo ſagenæ ſiue reti, quo boni & mali

366.0 567.0 580.0 47.0 piſces capiuntur Matth.13.verſ.47. Areæ, in qua

366.0 600.0 580.0 45.0 bonum granum & paleæ promiſcuè conduntur.

367.0 632.0 581.0 45.0 Matth.3.verſ.12.Item agro, in quo bonum ſemen

366.0 663.0 580.0 48.0 & lolium quoque naſcitur Matth.13.verſ.25. De¬

366.0 696.0 582.0 48.0 nique domui amplæ, in qua ſunt quædam vaſa

367.0 729.0 580.0 45.0 honeſta, quædam ſordida 2. Timóth.2. verſ.2o.

370.0 763.0 577.0 47.0 Nam quos domi ſuæ adhuc tolerat Dominus

367.0 795.0 580.0 45.0 ipſe, non eſt noſtrum eos expelleré vel arcere:ne¬

370.0 828.0 580.0 43.0 que Deo ipſo vel ſapientiores, vel iuſtiores, vel

366.0 859.0 582.0 49.0 ardentiores ſumus ad ipſius gloriam promouen¬

372.0 900.0 76.0 37.0 dam.

399.0 921.0 551.0 49.0 Hoc etiam ipſum pertinet tum ad Paſtorum

366.0 958.0 584.0 40.0 ipſorum excuſationem, tum ad Bonorum con¬

366.0 989.0 587.0 47.0 ſolationem. Ac quidem excuſantur paſtores, qui

367.0 1024.0 583.0 43.0 quanquam diligentiam, quam potuerunt, ſum¬

370.0 1056.0 582.0 39.0 mam adhibuerunt, vident & animaduertunt ta¬

365.0 1086.0 585.0 46.0 men in Eccleſia Dei adhuc latere quoſdam im¬

366.0 1119.0 585.0 45.0 probos & hypocritas, qui paulatim detegũtur, & à

363.0 1152.0 590.0 53.0 Deo ex ſuis tenebris in lucem pertrahuntur, pa¬

851.0 1186.0 100.0 43.0 tefactis
