<?xml version="1.0" encoding="UTF-8"?>
<alto xmlns:xsi="http://www.w3.org/2001/XMLSchema-instance"
      xmlns="http://www.loc.gov/standards/alto/ns-v4#"
      xsi:schemaLocation="http://www.loc.gov/standards/alto/ns-v4# http://www.loc.gov/standards/alto/v4/alto-4-2.xsd">
  <Description>
    <MeasurementUnit>pixel</MeasurementUnit>
    <sourceImageInformation>
      <fileName>2013165.png</fileName>
    </sourceImageInformation>
  </Description>
  <Tags>
    <OtherTag ID="BT7" LABEL="CustomZone" DESCRIPTION="block type CustomZone"/><OtherTag ID="BT8" LABEL="DamageZone" DESCRIPTION="block type DamageZone"/><OtherTag ID="BT9" LABEL="DigitizationArtefactZone" DESCRIPTION="block type DigitizationArtefactZone"/><OtherTag ID="BT10" LABEL="DropCapitalZone" DESCRIPTION="block type DropCapitalZone"/><OtherTag ID="BT11" LABEL="GraphicZone" DESCRIPTION="block type GraphicZone"/><OtherTag ID="BT12" LABEL="MainZone" DESCRIPTION="block type MainZone"/><OtherTag ID="BT13" LABEL="MarginTextZone" DESCRIPTION="block type MarginTextZone"/><OtherTag ID="BT14" LABEL="MusicZone" DESCRIPTION="block type MusicZone"/><OtherTag ID="BT15" LABEL="NumberingZone" DESCRIPTION="block type NumberingZone"/><OtherTag ID="BT17" LABEL="QuireMarksZone" DESCRIPTION="block type QuireMarksZone"/><OtherTag ID="BT18" LABEL="RunningTitleZone" DESCRIPTION="block type RunningTitleZone"/><OtherTag ID="BT19" LABEL="SealZone" DESCRIPTION="block type SealZone"/><OtherTag ID="BT20" LABEL="StampZone" DESCRIPTION="block type StampZone"/><OtherTag ID="BT21" LABEL="TableZone" DESCRIPTION="block type TableZone"/><OtherTag ID="BT22" LABEL="TitlePageZone" DESCRIPTION="block type TitlePageZone"/>
    <OtherTag ID="LT7" LABEL="CustomLine" DESCRIPTION="line type CustomLine"/><OtherTag ID="LT8" LABEL="DefaultLine" DESCRIPTION="line type DefaultLine"/><OtherTag ID="LT9" LABEL="DropCapitalLine" DESCRIPTION="line type DropCapitalLine"/><OtherTag ID="LT10" LABEL="HeadingLine" DESCRIPTION="line type HeadingLine"/><OtherTag ID="LT11" LABEL="InterlinearLine" DESCRIPTION="line type InterlinearLine"/><OtherTag ID="LT12" LABEL="MusicLine" DESCRIPTION="line type MusicLine"/><OtherTag ID="LT275" LABEL="default" DESCRIPTION="line type default"/>
  </Tags>
  <Layout>
    <Page WIDTH="1000"
          HEIGHT="1448"
          PHYSICAL_IMG_NR="71"
          ID="eSc_dummypage_">
      <PrintSpace HPOS="0"
                  VPOS="0"
                  WIDTH="1000"
                  HEIGHT="1448">
        <TextBlock HPOS="579.3805541992188"
                   VPOS="108.69828033447266"
                   WIDTH="43.62200927734375"
                   HEIGHT="30.96068572998047"
                   ID="block_0"
                   TAGREFS="BT15">
          <Shape><Polygon POINTS="579.381 108.698 623.003 108.698 623.003 139.659 579.381 139.659 579.381 108.698"/></Shape>
          <TextLine ID="line_0"
                    TAGREFS="LT275"
                    BASELINE="589 130 621 132" 
                    HPOS="588.0"
                    VPOS="95.0"
                    WIDTH="34.0"
                    HEIGHT="52.0">
            <Shape><Polygon POINTS="589 130 588 142 618 147 621 132 622 101 605 95 604 95 604 95 603 95 591 99 589 130"/></Shape>
	    <String CONTENT="83"
                    HPOS="588.0"
                    VPOS="95.0"
                    WIDTH="34.0"
                    HEIGHT="52.0"
                    WC="0.9999682903289795"></String>
          </TextLine>
        </TextBlock>
        <TextBlock HPOS="233.83154296875"
                   VPOS="96.27716064453125"
                   WIDTH="180.1488037109375"
                   HEIGHT="36.044525146484375"
                   ID="block_1"
                   TAGREFS="BT18">
          <Shape><Polygon POINTS="233.832 96.2772 413.98 96.2772 413.98 132.322 233.832 132.322 233.832 96.2772"/></Shape>
          <TextLine ID="line_1"
                    TAGREFS="LT275"
                    BASELINE="238 120 413 122" 
                    HPOS="238.0"
                    VPOS="111.0"
                    WIDTH="175.0"
                    HEIGHT="20.0">
            <Shape><Polygon POINTS="407 111 399 111 391 111 383 111 375 111 367 111 359 111 351 111 343 111 335 111 327 111 319 111 311 111 303 111 295 111 287 111 279 111 271 111 263 111 255 111 246 111 238 111 238 120 238 129 411 131 413 122 411 111 407 111"/></Shape>
	    <String CONTENT="CAPVT V."
                    HPOS="238.0"
                    VPOS="111.0"
                    WIDTH="175.0"
                    HEIGHT="20.0"
                    WC="0.999360978603363"></String>
          </TextLine>
        </TextBlock>
        <TextBlock HPOS="33.4136848449707"
                   VPOS="138.3502655029297"
                   WIDTH="590.943431854248"
                   HEIGHT="1078.4053497314453"
                   ID="block_2"
                   TAGREFS="BT12">
          <Shape><Polygon POINTS="33.4137 138.35 624.357 138.35 624.357 1216.76 33.4137 1216.76 33.4137 138.35"/></Shape>
          <TextLine ID="line_2"
                    TAGREFS="LT275"
                    BASELINE="42 160 624 168" 
                    HPOS="41.0"
                    VPOS="127.0"
                    WIDTH="583.0"
                    HEIGHT="58.0">
            <Shape><Polygon POINTS="42 160 41 169 50 173 51 173 52 173 87 170 98 179 99 179 100 179 101 179 152 171 154 171 156 171 189 176 190 176 191 176 192 176 198 172 207 172 283 176 284 176 300 174 304 173 307 174 336 181 337 181 337 181 373 175 380 174 385 176 406 183 407 183 407 183 506 181 527 185 528 185 555 179 559 178 563 179 585 185 586 185 587 185 588 185 588 185 597 180 601 177 622 180 624 168 624 142 602 136 601 136 600 136 553 140 537 135 536 135 535 135 512 139 497 135 496 135 495 135 494 135 493 135 487 139 479 132 478 132 477 132 477 132 422 139 420 139 405 131 404 131 375 131 374 131 374 131 358 138 357 138 319 138 319 137 308 130 308 130 307 130 306 130 305 130 283 135 275 132 274 132 273 132 233 136 230 136 229 136 218 128 218 128 217 128 216 128 215 128 197 135 170 135 163 135 150 127 149 127 148 127 148 127 110 132 97 127 96 127 61 127 61 127 60 127 59 127 51 134 50 134 42 134 42 160"/></Shape>
	    <String CONTENT="deſtitutæ bonie, &amp; aliis auxilijs ab ipſa Eccleſia"
                    HPOS="41.0"
                    VPOS="127.0"
                    WIDTH="583.0"
                    HEIGHT="58.0"
                    WC="0.9889357566833497"></String>
          </TextLine>
          <TextLine ID="line_3"
                    TAGREFS="LT275"
                    BASELINE="44 193 331 195" 
                    HPOS="43.0"
                    VPOS="167.0"
                    WIDTH="288.0"
                    HEIGHT="39.0">
            <Shape><Polygon POINTS="44 193 43 202 229 202 230 202 234 206 234 206 235 206 236 206 330 202 331 195 330 175 289 168 288 168 263 174 262 174 259 174 232 168 210 168 209 168 209 168 208 168 208 168 202 173 202 174 180 174 179 173 173 168 172 168 172 168 171 168 135 172 128 168 127 168 127 168 126 168 103 172 102 172 92 167 91 167 90 167 44 172 44 193"/></Shape>
	    <String CONTENT="aluntor, &amp; exhibentor."
                    HPOS="43.0"
                    VPOS="167.0"
                    WIDTH="288.0"
                    HEIGHT="39.0"
                    WC="0.9996482757004824"></String>
          </TextLine>
          <TextLine ID="line_4"
                    TAGREFS="LT275"
                    BASELINE="75 225 619 231" 
                    HPOS="74.0"
                    VPOS="198.0"
                    WIDTH="545.0"
                    HEIGHT="45.0">
            <Shape><Polygon POINTS="75 225 74 232 99 238 100 238 141 234 152 238 153 238 154 238 178 234 218 238 219 238 328 236 346 236 355 237 415 242 416 243 445 243 445 242 446 242 447 242 454 238 455 238 458 238 483 243 484 243 618 240 619 231 617 207 590 209 585 206 584 205 583 205 582 205 560 205 559 205 559 205 558 205 557 205 550 210 523 210 484 205 472 203 471 203 470 203 469 203 469 204 461 210 436 210 419 203 415 202 415 202 414 202 404 203 380 206 373 203 371 202 370 202 370 202 369 202 367 202 350 209 211 208 75 198 75 225"/></Shape>
	    <String CONTENT="Hos tres canones ex tota hac diſputatione"
                    HPOS="74.0"
                    VPOS="198.0"
                    WIDTH="545.0"
                    HEIGHT="45.0"
                    WC="0.9971546443497262"></String>
          </TextLine>
          <TextLine ID="line_5"
                    TAGREFS="LT275"
                    BASELINE="43 256 621 265" 
                    HPOS="42.0"
                    VPOS="230.0"
                    WIDTH="579.0"
                    HEIGHT="46.0">
            <Shape><Polygon POINTS="43 256 42 263 95 271 96 271 187 267 199 267 207 267 253 273 254 273 288 269 296 268 403 269 406 271 411 275 411 275 412 275 413 276 620 276 621 265 621 245 605 239 604 239 604 239 564 242 551 238 550 238 549 238 496 243 495 243 494 243 463 236 462 236 432 242 432 242 430 242 405 237 404 237 369 242 366 242 366 242 358 235 358 234 358 234 357 234 356 234 338 235 337 235 337 235 337 236 331 241 325 237 325 237 324 237 323 237 294 240 286 234 285 234 284 234 264 234 263 234 263 234 262 234 253 240 247 240 225 240 224 239 212 233 211 233 210 233 209 233 194 238 133 238 133 238 124 231 123 231 123 231 122 231 121 231 115 234 84 230 83 230 82 230 64 237 63 237 43 237 43 256"/></Shape>
	    <String CONTENT="colligimus. Ac quidem duos ex hoc verſiculos"
                    HPOS="42.0"
                    VPOS="230.0"
                    WIDTH="579.0"
                    HEIGHT="46.0"
                    WC="0.9871012703938917"></String>
          </TextLine>
          <TextLine ID="line_6"
                    TAGREFS="LT275"
                    BASELINE="44 289 621 296" 
                    HPOS="43.0"
                    VPOS="264.0"
                    WIDTH="578.0"
                    HEIGHT="44.0">
            <Shape><Polygon POINTS="44 289 43 297 116 303 117 303 167 299 177 298 179 299 186 304 187 304 188 304 189 304 189 304 208 299 209 299 210 299 219 304 220 304 221 304 312 300 327 300 370 300 389 300 404 306 405 306 406 306 436 302 549 308 550 308 621 302 621 296 621 275 610 270 609 270 609 270 575 275 526 275 513 275 512 275 506 271 506 271 505 271 504 271 503 271 491 275 490 275 489 275 461 269 460 269 437 274 436 274 349 274 349 273 333 267 333 267 284 267 283 267 283 267 271 272 270 272 262 272 187 265 166 265 165 265 164 265 164 265 155 271 154 271 102 271 101 270 94 264 93 264 92 264 51 264 50 264 49 264 49 264 44 267 44 289"/></Shape>
	    <String CONTENT="nempe 1. &amp; 3. Secundum autem canonem ex ſe¬"
                    HPOS="43.0"
                    VPOS="264.0"
                    WIDTH="578.0"
                    HEIGHT="44.0"
                    WC="0.9968109103136285"></String>
          </TextLine>
          <TextLine ID="line_7"
                    TAGREFS="LT275"
                    BASELINE="43 321 621 329" 
                    HPOS="42.0"
                    VPOS="296.0"
                    WIDTH="579.0"
                    HEIGHT="45.0">
            <Shape><Polygon POINTS="43 321 42 333 46 336 47 336 48 336 49 336 106 332 106 332 120 332 158 332 170 337 171 337 172 337 223 333 249 338 250 338 284 334 289 338 290 338 291 338 292 338 292 338 304 335 369 340 370 340 410 336 428 341 429 341 430 341 621 337 621 329 621 308 529 302 528 302 497 306 490 301 489 301 489 301 488 301 465 305 428 300 427 300 401 305 399 305 399 305 364 299 363 299 332 303 308 299 308 299 307 299 306 299 300 304 283 298 283 298 282 298 281 298 261 304 259 304 226 304 225 303 214 297 213 297 213 297 212 297 211 297 203 303 202 304 187 304 186 303 178 297 177 297 176 297 176 297 175 297 165 302 140 298 139 298 139 298 131 302 123 296 123 296 122 296 121 296 120 296 108 301 74 297 74 297 43 300 43 321"/></Shape>
	    <String CONTENT="quenti verſiculo, qui eſt 4. Tίμα Hebræorum mo¬"
                    HPOS="42.0"
                    VPOS="296.0"
                    WIDTH="579.0"
                    HEIGHT="45.0"
                    WC="0.9950245854755243"></String>
          </TextLine>
          <TextLine ID="line_8"
                    TAGREFS="LT275"
                    BASELINE="42 354 621 359" 
                    HPOS="41.0"
                    VPOS="330.0"
                    WIDTH="580.0"
                    HEIGHT="44.0">
            <Shape><Polygon POINTS="42 354 41 362 104 367 105 367 172 365 193 370 194 370 195 371 216 371 216 370 217 370 218 370 225 365 259 371 260 371 298 366 332 372 333 372 391 368 452 373 453 373 454 373 455 373 455 372 461 367 474 367 584 374 584 374 620 367 621 359 620 341 585 340 580 334 579 334 578 334 577 334 526 338 511 333 510 333 493 333 492 333 491 333 490 333 483 339 481 339 474 338 415 333 415 333 395 337 391 339 336 339 331 337 320 333 319 333 318 333 317 333 310 337 308 338 246 338 243 336 236 331 235 331 234 331 181 331 181 331 180 331 170 335 167 337 159 335 134 330 133 330 42 333 42 354"/></Shape>
	    <String CONTENT="re dictum eſt, vti in præcepto quart o Honora pa¬"
                    HPOS="41.0"
                    VPOS="330.0"
                    WIDTH="580.0"
                    HEIGHT="44.0"
                    WC="0.9919081804703693"></String>
          </TextLine>
          <TextLine ID="line_9"
                    TAGREFS="LT275"
                    BASELINE="41 388 621 392" 
                    HPOS="41.0"
                    VPOS="364.0"
                    WIDTH="580.0"
                    HEIGHT="40.0">
            <Shape><Polygon POINTS="41 388 41 396 57 401 58 401 59 401 133 398 156 397 160 398 168 402 169 402 170 402 204 399 216 398 218 399 221 402 222 402 222 402 223 402 309 400 364 399 449 403 513 404 514 404 514 404 517 403 523 400 556 403 564 404 565 404 566 404 567 404 577 400 620 404 621 392 620 370 563 371 550 369 539 367 539 367 528 369 514 371 477 369 438 366 437 366 411 369 390 370 388 369 385 366 384 366 383 366 382 366 354 369 341 370 329 368 303 366 302 366 283 368 274 370 263 368 242 365 242 365 181 368 160 369 157 368 147 364 146 364 145 364 144 364 133 368 132 368 131 368 126 364 125 364 124 364 123 364 41 367 41 388"/></Shape>
	    <String CONTENT="trem &amp; matrem, qua voce non tantùm reueren¬"
                    HPOS="41.0"
                    VPOS="364.0"
                    WIDTH="580.0"
                    HEIGHT="40.0"
                    WC="0.9939388497309252"></String>
          </TextLine>
          <TextLine ID="line_10"
                    TAGREFS="LT275"
                    BASELINE="42 419 621 424" 
                    HPOS="41.0"
                    VPOS="393.0"
                    WIDTH="580.0"
                    HEIGHT="43.0">
            <Shape><Polygon POINTS="42 419 41 426 56 431 57 431 57 431 220 428 234 434 235 434 236 434 263 429 328 429 334 434 334 435 335 435 336 435 337 435 337 435 353 430 366 435 366 435 367 435 514 432 530 436 531 436 532 436 620 431 621 424 620 404 544 404 543 403 525 396 524 396 523 396 522 396 510 402 482 402 475 397 474 397 473 397 473 397 442 402 438 403 436 402 418 395 417 395 416 395 415 395 394 402 393 402 391 402 375 395 374 395 374 395 326 401 324 401 312 394 311 394 291 394 290 394 289 394 288 394 279 400 278 401 246 400 213 399 206 394 205 394 205 394 204 394 173 398 168 394 168 394 167 394 72 393 71 393 42 398 42 419"/></Shape>
	    <String CONTENT="ter &amp; ſollicitè curandas eſſe viduas à paſtore in¬"
                    HPOS="41.0"
                    VPOS="393.0"
                    WIDTH="580.0"
                    HEIGHT="43.0"
                    WC="0.9942691085430292"></String>
          </TextLine>
          <TextLine ID="line_11"
                    TAGREFS="LT275"
                    BASELINE="42 452 621 457" 
                    HPOS="41.0"
                    VPOS="426.0"
                    WIDTH="580.0"
                    HEIGHT="44.0">
            <Shape><Polygon POINTS="42 452 41 460 94 465 95 465 135 462 168 466 169 466 170 466 171 466 177 462 183 466 184 466 185 466 185 466 204 462 206 462 209 462 225 467 226 467 226 467 258 463 262 463 265 463 290 468 291 468 328 464 335 464 344 464 387 468 388 468 411 465 419 464 448 464 451 466 455 469 456 469 456 469 457 470 497 470 497 469 498 469 499 469 502 466 503 465 506 467 511 469 512 469 513 469 620 468 621 457 620 433 42 426 42 452"/></Shape>
	    <String CONTENT="telligimus, ſed etiam alendas ab Eccleſia, &amp; ex¬"
                    HPOS="41.0"
                    VPOS="426.0"
                    WIDTH="580.0"
                    HEIGHT="44.0"
                    WC="0.9990409351885319"></String>
          </TextLine>
          <TextLine ID="line_12"
                    TAGREFS="LT275"
                    BASELINE="40 484 621 489" 
                    HPOS="39.0"
                    VPOS="457.0"
                    WIDTH="582.0"
                    HEIGHT="44.0">
            <Shape><Polygon POINTS="40 484 39 492 111 493 122 498 123 498 123 499 188 499 188 498 189 498 189 498 196 494 228 499 229 500 269 500 269 499 270 499 271 499 277 495 372 501 373 501 415 497 462 501 463 501 486 497 602 501 603 501 620 497 621 489 619 465 481 466 475 463 473 461 472 461 471 461 414 460 413 460 412 460 409 462 403 464 385 461 370 460 345 460 345 460 344 460 343 460 341 461 335 464 267 464 262 460 261 460 260 460 259 460 255 460 226 464 209 459 205 458 204 458 203 458 187 459 130 463 40 457 40 484"/></Shape>
	    <String CONTENT="hibendas, ſi aliunde nõ poſſint ſe ſuſtentare. Hoc"
                    HPOS="39.0"
                    VPOS="457.0"
                    WIDTH="582.0"
                    HEIGHT="44.0"
                    WC="0.9819612117374644"></String>
          </TextLine>
          <TextLine ID="line_13"
                    TAGREFS="LT275"
                    BASELINE="41 517 619 522" 
                    HPOS="40.0"
                    VPOS="492.0"
                    WIDTH="579.0"
                    HEIGHT="43.0">
            <Shape><Polygon POINTS="41 517 40 525 61 531 61 531 62 532 124 532 124 531 125 531 126 531 134 526 135 526 234 533 234 533 259 528 274 533 275 533 275 533 276 533 277 533 285 528 286 528 324 528 325 528 329 533 329 534 330 534 331 534 332 534 333 534 345 529 382 529 456 530 465 534 466 534 467 534 489 530 494 530 500 530 532 535 533 535 618 531 619 522 618 502 569 497 568 497 567 497 567 497 563 501 562 502 523 502 521 501 505 495 504 495 503 495 429 498 389 494 388 494 387 494 376 499 374 500 373 499 366 494 365 494 364 494 363 494 334 499 332 499 331 499 325 494 325 493 325 493 324 493 323 493 279 498 267 499 242 497 185 494 185 494 121 497 84 497 79 496 68 492 67 492 66 492 41 495 41 517"/></Shape>
	    <String CONTENT="idem præceptum transferri ad vniuerſum paupe¬"
                    HPOS="40.0"
                    VPOS="492.0"
                    WIDTH="579.0"
                    HEIGHT="43.0"
                    WC="0.9995441370540195"></String>
          </TextLine>
          <TextLine ID="line_14"
                    TAGREFS="LT275"
                    BASELINE="40 549 621 555" 
                    HPOS="39.0"
                    VPOS="524.0"
                    WIDTH="582.0"
                    HEIGHT="43.0">
            <Shape><Polygon POINTS="40 549 39 558 49 563 49 563 50 563 102 559 123 563 123 563 124 563 176 559 178 559 180 559 205 564 206 564 267 561 280 560 286 561 306 565 307 565 338 562 348 561 354 562 372 566 373 567 406 567 406 566 407 566 407 566 411 563 412 562 619 566 621 555 621 534 564 528 563 528 507 532 502 532 497 532 452 526 425 526 424 526 423 526 423 526 418 531 417 531 414 531 371 526 370 526 327 530 320 530 312 530 274 526 273 526 272 526 271 526 266 530 264 530 172 530 169 528 153 524 152 524 152 524 40 526 40 549"/></Shape>
	    <String CONTENT="rum fidelium genus &amp; poteſt &amp; debet, qui ſi à ſuis"
                    HPOS="39.0"
                    VPOS="524.0"
                    WIDTH="582.0"
                    HEIGHT="43.0"
                    WC="0.987442158016504"></String>
          </TextLine>
          <TextLine ID="line_15"
                    TAGREFS="LT275"
                    BASELINE="42 581 621 586" 
                    HPOS="42.0"
                    VPOS="555.0"
                    WIDTH="579.0"
                    HEIGHT="43.0">
            <Shape><Polygon POINTS="42 581 42 593 117 589 142 593 151 595 152 596 189 596 189 595 190 595 191 595 193 593 197 590 210 593 217 595 218 595 218 595 237 593 266 591 271 593 275 595 275 595 276 595 277 595 283 593 292 591 299 593 304 596 305 596 361 596 362 596 362 596 363 596 368 593 370 592 373 593 376 596 377 596 378 596 378 596 401 593 414 592 416 593 419 596 420 596 421 596 422 596 469 593 482 592 494 593 566 598 567 598 620 592 621 586 621 566 608 560 607 560 606 560 605 560 592 566 590 566 555 566 555 565 542 559 541 559 540 559 539 559 525 565 524 565 522 565 497 559 496 559 439 563 423 558 423 558 422 558 421 558 411 563 364 559 363 559 338 563 335 563 334 563 328 559 327 559 326 559 325 559 325 559 312 563 305 557 304 557 304 557 303 557 281 561 234 556 234 556 233 556 232 556 222 562 222 563 190 563 189 562 183 556 182 556 181 556 181 556 180 556 169 561 159 556 158 556 157 556 156 556 156 556 149 562 148 562 121 562 121 561 99 555 98 555 98 555 42 560 42 581"/></Shape>
	    <String CONTENT="poſſunt, debent ali ſine onere Eccleſiæ: ſin mi¬"
                    HPOS="42.0"
                    VPOS="555.0"
                    WIDTH="579.0"
                    HEIGHT="43.0"
                    WC="0.9945037973423799"></String>
          </TextLine>
          <TextLine ID="line_16"
                    TAGREFS="LT275"
                    BASELINE="41 613 618 620" 
                    HPOS="41.0"
                    VPOS="587.0"
                    WIDTH="577.0"
                    HEIGHT="46.0">
            <Shape><Polygon POINTS="41 613 41 621 78 628 78 628 102 624 112 629 113 629 199 629 200 629 229 625 239 625 252 626 281 630 282 630 331 628 366 626 404 629 435 632 436 632 436 632 437 632 440 630 444 627 473 627 617 633 618 620 617 600 521 599 519 598 471 591 470 591 469 591 469 591 461 596 425 592 424 592 423 592 412 597 411 597 410 597 386 590 386 590 385 590 384 590 370 596 363 591 362 591 362 591 361 591 325 595 294 589 293 589 270 594 251 588 251 588 250 588 219 592 171 588 170 588 169 588 155 592 133 588 132 588 131 588 131 588 124 592 114 587 113 587 112 587 111 587 98 593 41 593 41 613"/></Shape>
	    <String CONTENT="nus, ab Eccleſia. Debet enim inter nos ea vigere"
                    HPOS="41.0"
                    VPOS="587.0"
                    WIDTH="577.0"
                    HEIGHT="46.0"
                    WC="0.9969714706142744"></String>
          </TextLine>
          <TextLine ID="line_17"
                    TAGREFS="LT275"
                    BASELINE="41 645 617 651" 
                    HPOS="41.0"
                    VPOS="621.0"
                    WIDTH="576.0"
                    HEIGHT="43.0">
            <Shape><Polygon POINTS="41 645 41 653 76 659 77 659 151 655 171 660 172 660 172 660 173 660 193 655 201 660 201 660 202 660 203 660 230 656 242 661 242 661 243 661 392 658 399 662 399 662 400 662 401 662 446 658 457 663 458 663 459 664 492 664 492 663 493 663 493 663 501 658 540 664 541 664 577 659 592 664 592 664 593 664 616 658 617 651 616 632 475 631 473 630 453 624 452 624 452 624 418 625 417 625 416 625 410 629 409 629 368 623 367 623 300 626 238 622 237 622 210 628 209 628 209 628 204 623 204 622 203 622 202 622 201 622 131 627 126 627 125 627 108 621 107 621 106 621 74 626 73 626 72 626 55 621 54 621 53 621 53 621 41 625 41 645"/></Shape>
	    <String CONTENT="charitas &amp; tanta, vt nemo inter nos egeat, quem¬"
                    HPOS="41.0"
                    VPOS="621.0"
                    WIDTH="576.0"
                    HEIGHT="43.0"
                    WC="0.9912460769216219"></String>
          </TextLine>
          <TextLine ID="line_18"
                    TAGREFS="LT275"
                    BASELINE="40 678 617 683" 
                    HPOS="39.0"
                    VPOS="653.0"
                    WIDTH="578.0"
                    HEIGHT="45.0">
            <Shape><Polygon POINTS="40 678 39 688 81 693 82 694 107 694 107 693 108 693 109 693 114 690 115 688 126 690 151 693 152 693 179 690 191 689 203 691 233 695 234 695 269 691 283 690 286 691 290 695 290 695 291 695 292 695 292 695 320 691 331 691 333 692 338 695 339 695 340 695 341 695 359 692 369 691 403 691 404 693 408 696 409 696 410 696 411 696 411 696 420 693 425 691 441 693 477 697 478 698 508 698 508 697 509 697 515 694 518 692 523 694 534 698 534 698 535 698 617 695 617 683 617 664 596 658 595 658 594 658 593 658 592 658 584 663 583 664 549 664 548 663 543 658 542 658 541 658 540 658 539 658 526 663 522 663 453 663 452 662 444 656 443 656 442 656 441 656 386 661 370 656 370 656 317 655 316 655 292 661 289 661 288 661 276 654 275 654 275 654 227 660 224 660 222 660 195 654 175 654 174 654 173 654 172 654 164 659 162 659 127 654 127 654 79 657 74 653 74 653 73 653 72 653 40 658 40 678"/></Shape>
	    <String CONTENT="admodum Dominus ipſe præcepit, neque ſit mẽ¬"
                    HPOS="39.0"
                    VPOS="653.0"
                    WIDTH="578.0"
                    HEIGHT="45.0"
                    WC="0.9918158955044216"></String>
          </TextLine>
          <TextLine ID="line_19"
                    TAGREFS="LT275"
                    BASELINE="41 710 617 716" 
                    HPOS="40.0"
                    VPOS="684.0"
                    WIDTH="577.0"
                    HEIGHT="45.0">
            <Shape><Polygon POINTS="41 710 40 718 50 724 51 724 52 724 111 719 123 724 124 724 125 724 166 720 215 725 216 725 217 725 218 725 224 720 248 720 255 726 256 726 257 726 258 726 317 721 329 726 329 726 330 726 462 723 545 729 546 729 587 724 604 729 604 729 605 729 606 729 616 724 617 716 616 696 436 696 427 692 423 691 423 691 422 691 421 691 418 691 407 695 371 691 370 691 350 695 333 690 329 689 328 689 327 689 326 689 323 690 308 694 292 689 287 687 286 687 248 686 247 686 246 686 242 688 225 693 192 686 184 686 183 686 174 686 148 690 124 686 123 686 123 686 122 686 121 686 112 691 41 684 41 710"/></Shape>
	    <String CONTENT="dicus Deut.15. verſ. 4. non quidem vt pauperes"
                    HPOS="40.0"
                    VPOS="684.0"
                    WIDTH="577.0"
                    HEIGHT="45.0"
                    WC="0.9850471874941951"></String>
          </TextLine>
          <TextLine ID="line_20"
                    TAGREFS="LT275"
                    BASELINE="42 742 617 748" 
                    HPOS="41.0"
                    VPOS="717.0"
                    WIDTH="576.0"
                    HEIGHT="44.0">
            <Shape><Polygon POINTS="42 742 41 751 49 756 49 756 50 756 51 756 117 752 143 757 144 757 172 752 248 758 249 758 302 754 303 754 304 754 345 760 346 760 347 760 361 755 394 755 395 755 400 760 401 760 402 760 403 760 448 756 456 756 458 756 473 761 474 761 475 761 617 758 617 748 617 729 603 729 603 728 596 724 596 723 596 723 595 723 594 723 565 728 563 728 559 728 541 724 540 724 507 728 505 728 504 728 498 723 497 723 497 723 496 723 495 723 494 723 487 728 485 728 463 728 463 727 454 721 453 721 452 721 452 721 407 727 402 727 378 727 377 726 369 720 368 720 367 720 366 720 338 724 332 719 331 719 330 719 302 719 301 719 300 719 300 719 293 724 287 719 286 719 285 719 284 719 213 724 206 724 205 724 187 718 186 718 185 718 136 724 132 724 130 724 107 717 106 717 106 717 105 717 85 723 84 723 72 719 71 719 70 719 42 722 42 742"/></Shape>
	    <String CONTENT="qui ſunt eiiciantur: ſed vt alantur à nobis &amp; ſub¬"
                    HPOS="41.0"
                    VPOS="717.0"
                    WIDTH="576.0"
                    HEIGHT="44.0"
                    WC="0.9973379922848121"></String>
          </TextLine>
          <TextLine ID="line_21"
                    TAGREFS="LT275"
                    BASELINE="41 776 160 774" 
                    HPOS="40.0"
                    VPOS="748.0"
                    WIDTH="120.0"
                    HEIGHT="40.0">
            <Shape><Polygon POINTS="41 776 41 788 84 784 108 785 148 788 149 788 150 788 160 782 160 774 159 754 141 750 140 750 124 752 109 754 102 751 95 748 94 748 94 748 93 748 88 750 82 753 74 750 71 748 70 748 69 748 69 748 66 749 56 753 40 748 41 776"/></Shape>
	    <String CONTENT="leuentur."
                    HPOS="40.0"
                    VPOS="748.0"
                    WIDTH="120.0"
                    HEIGHT="40.0"
                    WC="0.9989541040526496"></String>
          </TextLine>
          <TextLine ID="line_22"
                    TAGREFS="LT275"
                    BASELINE="78 807 614 815" 
                    HPOS="78.0"
                    VPOS="778.0"
                    WIDTH="536.0"
                    HEIGHT="46.0">
            <Shape><Polygon POINTS="78 807 78 816 613 824 614 815 614 786 594 785 593 785 592 785 592 785 591 785 583 792 562 792 540 792 529 785 527 784 526 784 526 784 471 784 470 784 469 784 469 784 468 785 459 790 452 785 451 783 450 783 449 783 448 783 448 783 447 783 445 785 436 790 402 790 394 784 391 782 390 782 390 782 389 782 359 784 299 788 293 784 289 780 288 780 288 780 268 780 267 780 267 780 266 780 262 783 258 787 245 783 242 782 241 782 240 782 239 782 237 783 232 785 229 783 224 779 223 779 222 779 222 779 188 782 184 779 184 778 183 778 182 778 181 778 181 778 169 782 168 783 167 782 160 778 159 778 158 778 157 778 156 778 156 778 149 782 144 785 139 782 136 781 135 781 135 781 134 781 124 782 110 785 78 782 78 807"/></Shape>
	    <String CONTENT="Vnde ſicolim etiam nondum planè corruptis"
                    HPOS="78.0"
                    VPOS="778.0"
                    WIDTH="536.0"
                    HEIGHT="46.0"
                    WC="0.9994364693051293"></String>
          </TextLine>
          <TextLine ID="line_23"
                    TAGREFS="LT275"
                    BASELINE="39 839 614 847" 
                    HPOS="38.0"
                    VPOS="811.0"
                    WIDTH="576.0"
                    HEIGHT="48.0">
            <Shape><Polygon POINTS="39 839 38 848 166 854 167 854 193 850 197 850 201 850 225 855 226 855 295 851 309 851 311 851 319 855 320 855 320 855 321 855 333 851 333 851 437 851 439 852 448 858 449 858 530 859 531 859 532 859 547 855 561 859 562 859 563 859 563 859 564 859 569 855 592 859 593 859 594 859 613 854 614 847 614 827 586 821 585 821 584 821 584 821 578 826 576 827 561 827 559 826 552 819 551 819 551 819 550 819 549 819 535 825 532 826 521 824 495 821 494 821 493 821 483 823 477 825 475 823 469 818 469 818 469 818 468 818 467 818 436 822 420 824 416 822 411 818 410 818 409 818 408 818 386 820 382 817 382 816 381 816 380 816 379 816 378 816 368 820 360 824 340 824 332 819 326 815 325 815 325 815 324 815 323 815 316 818 307 822 223 822 209 815 205 814 204 814 203 814 202 814 196 815 176 820 159 814 154 813 153 813 152 813 147 814 131 818 121 813 120 813 119 813 119 813 118 813 117 813 105 819 98 814 97 814 96 814 95 814 78 817 39 811 39 839"/></Shape>
	    <String CONTENT="Eccleſiæ Romanæ moribus à Gelaſio primo cõ¬"
                    HPOS="38.0"
                    VPOS="811.0"
                    WIDTH="576.0"
                    HEIGHT="48.0"
                    WC="0.9990903986824884"></String>
          </TextLine>
          <TextLine ID="line_24"
                    TAGREFS="LT275"
                    BASELINE="38 871 614 880" 
                    HPOS="37.0"
                    VPOS="845.0"
                    WIDTH="577.0"
                    HEIGHT="45.0">
            <Shape><Polygon POINTS="38 871 37 880 39 882 40 882 40 883 41 883 41 883 42 883 78 880 106 884 613 890 614 880 614 859 600 853 599 853 598 853 597 853 582 858 580 859 579 858 573 853 572 853 572 853 571 853 570 853 553 857 535 852 534 852 534 852 501 857 492 858 485 856 457 851 432 851 432 851 431 851 418 855 415 857 411 855 399 850 398 850 397 850 365 855 356 856 353 855 341 849 341 849 340 849 339 849 320 855 316 855 196 855 189 852 164 847 164 847 142 851 139 852 132 851 94 847 93 847 92 847 82 851 80 851 79 851 70 845 69 845 69 845 68 845 38 850 38 871"/></Shape>
	    <String CONTENT="ſtitutum fuit, vt ex omnibus Eccleſiæ reditibus"
                    HPOS="37.0"
                    VPOS="845.0"
                    WIDTH="577.0"
                    HEIGHT="45.0"
                    WC="0.9889181319703447"></String>
          </TextLine>
          <TextLine ID="line_25"
                    TAGREFS="LT275"
                    BASELINE="38 903 616 912" 
                    HPOS="37.0"
                    VPOS="878.0"
                    WIDTH="579.0"
                    HEIGHT="47.0">
            <Shape><Polygon POINTS="38 903 37 916 104 918 105 918 106 918 111 917 119 914 136 917 151 919 152 919 152 919 153 919 156 917 162 914 187 914 218 917 249 921 250 921 276 918 297 916 309 918 325 921 326 921 342 918 352 917 358 918 369 922 370 922 370 923 394 923 394 922 395 922 395 922 400 919 402 917 405 919 417 923 418 923 419 923 437 919 441 918 444 919 457 924 458 924 459 924 502 920 510 919 514 920 544 925 545 925 615 920 616 912 616 892 598 885 597 885 566 884 537 884 536 884 535 884 534 884 526 890 480 884 479 884 478 884 477 884 468 889 467 890 466 889 458 885 457 885 456 885 438 889 436 889 433 889 407 882 407 882 374 882 373 882 372 882 358 888 356 888 333 887 283 884 282 884 231 885 200 886 197 884 190 881 189 881 189 881 130 884 96 884 93 883 86 878 86 878 85 878 84 878 38 881 38 903"/></Shape>
	    <String CONTENT="fierent quatuor partes (in quibus. ipſis etiam fi¬"
                    HPOS="37.0"
                    VPOS="878.0"
                    WIDTH="579.0"
                    HEIGHT="47.0"
                    WC="0.999310759305954"></String>
          </TextLine>
          <TextLine ID="line_26"
                    TAGREFS="LT275"
                    BASELINE="38 937 614 943" 
                    HPOS="38.0"
                    VPOS="912.0"
                    WIDTH="576.0"
                    HEIGHT="43.0">
            <Shape><Polygon POINTS="38 937 38 948 245 948 250 949 264 952 265 952 279 949 284 948 292 949 315 953 316 953 342 950 348 949 351 950 367 954 368 954 369 954 431 950 439 950 440 950 448 954 449 954 450 954 489 950 490 950 532 955 533 955 613 950 614 943 614 925 598 920 597 920 596 920 573 924 569 924 564 923 532 917 531 917 502 922 493 924 456 924 453 921 449 917 449 917 448 917 448 917 447 917 409 920 380 922 374 919 369 915 368 915 367 915 366 915 366 915 353 918 347 920 335 918 325 917 324 917 323 917 322 917 320 917 315 921 297 917 293 917 292 917 292 917 291 917 291 917 286 921 229 921 210 915 204 913 203 913 151 913 150 913 149 913 148 913 148 914 139 921 121 921 97 920 88 913 87 913 86 913 38 912 38 937"/></Shape>
	    <String CONTENT="delium oblationes continebantur) ex quibus v¬"
                    HPOS="38.0"
                    VPOS="912.0"
                    WIDTH="576.0"
                    HEIGHT="43.0"
                    WC="0.9922519273228115"></String>
          </TextLine>
          <TextLine ID="line_27"
                    TAGREFS="LT275"
                    BASELINE="37 968 613 977" 
                    HPOS="37.0"
                    VPOS="942.0"
                    WIDTH="576.0"
                    HEIGHT="48.0">
            <Shape><Polygon POINTS="37 968 37 980 141 979 167 983 176 983 177 983 178 983 182 983 195 979 209 983 218 984 218 984 229 983 246 980 316 983 404 987 405 987 444 984 455 983 456 984 461 988 462 988 463 988 464 988 540 985 546 985 547 985 563 990 563 990 564 990 613 985 613 977 612 951 561 955 502 950 501 950 500 950 480 955 463 950 462 950 461 950 460 950 460 950 452 955 420 955 411 949 411 949 410 949 382 948 381 948 353 954 340 947 339 947 338 947 306 951 300 946 299 946 298 946 297 946 279 946 279 946 278 946 277 946 268 952 206 952 195 946 194 946 193 946 146 950 136 944 135 944 135 944 134 944 90 950 37 942 37 968"/></Shape>
	    <String CONTENT="na tantùm pars erat Epiſcopi:ſecunda clericorũ:"
                    HPOS="37.0"
                    VPOS="942.0"
                    WIDTH="576.0"
                    HEIGHT="48.0"
                    WC="0.9936706083161491"></String>
          </TextLine>
          <TextLine ID="line_28"
                    TAGREFS="LT275"
                    BASELINE="37 1002 611 1008" 
                    HPOS="37.0"
                    VPOS="977.0"
                    WIDTH="574.0"
                    HEIGHT="43.0">
            <Shape><Polygon POINTS="37 1002 37 1011 101 1011 105 1011 116 1016 117 1016 118 1016 152 1012 160 1011 164 1012 181 1016 181 1016 182 1016 219 1012 226 1012 230 1013 252 1017 253 1017 254 1017 270 1013 271 1013 275 1017 275 1017 276 1017 325 1018 325 1018 364 1015 396 1019 397 1019 460 1015 463 1015 468 1019 468 1020 469 1020 469 1020 470 1020 518 1016 541 1020 542 1020 610 1016 611 1008 610 988 539 982 538 982 454 986 438 986 434 985 420 982 419 982 419 982 418 982 410 985 407 986 359 986 357 984 351 980 350 980 349 980 349 980 332 983 324 985 274 983 179 978 141 978 140 978 139 978 139 978 135 980 132 983 115 980 90 977 90 977 89 977 82 979 77 982 37 979 37 1002"/></Shape>
	    <String CONTENT="tertia inſolidum pauperum, quarta verò fabricæ"
                    HPOS="37.0"
                    VPOS="977.0"
                    WIDTH="574.0"
                    HEIGHT="43.0"
                    WC="0.9921126061297477"></String>
          </TextLine>
          <TextLine ID="line_29"
                    TAGREFS="LT275"
                    BASELINE="38 1034 613 1040" 
                    HPOS="37.0"
                    VPOS="1010.0"
                    WIDTH="576.0"
                    HEIGHT="42.0">
            <Shape><Polygon POINTS="37 1041 67 1048 68 1048 117 1044 121 1048 121 1048 122 1048 123 1048 123 1049 160 1049 160 1048 160 1048 161 1048 167 1044 168 1044 201 1044 202 1044 207 1048 208 1048 209 1048 209 1048 242 1044 246 1044 251 1045 284 1050 285 1050 316 1046 323 1045 411 1045 422 1048 448 1052 449 1052 475 1048 481 1048 485 1048 494 1052 495 1052 496 1052 613 1050 613 1040 613 1020 605 1015 604 1015 604 1015 603 1015 551 1021 546 1021 543 1021 528 1016 527 1016 526 1016 506 1019 500 1014 499 1014 498 1014 497 1014 460 1019 449 1020 444 1019 427 1013 427 1013 426 1013 395 1018 388 1019 382 1017 359 1012 358 1012 358 1012 347 1017 342 1019 337 1016 327 1012 326 1012 325 1012 288 1016 261 1018 244 1015 227 1011 226 1011 226 1011 225 1011 222 1014 217 1018 203 1014 193 1011 192 1011 191 1011 166 1013 127 1017 122 1012 119 1011 119 1010 119 1010 118 1010 96 1010 95 1010 94 1010 94 1010 92 1011 86 1017 53 1017 39 1011 38 1034 37 1041"/></Shape>
	    <String CONTENT="templi applicanda, quemadmodum relatum eſt"
                    HPOS="37.0"
                    VPOS="1010.0"
                    WIDTH="576.0"
                    HEIGHT="42.0"
                    WC="0.9983030472482953"></String>
          </TextLine>
          <TextLine ID="line_30"
                    TAGREFS="LT275"
                    BASELINE="40 1067 607 1072" 
                    HPOS="40.0"
                    VPOS="1042.0"
                    WIDTH="567.0"
                    HEIGHT="43.0">
            <Shape><Polygon POINTS="606 1053 576 1047 576 1047 534 1050 512 1046 511 1046 510 1046 501 1051 499 1053 448 1053 446 1050 442 1047 442 1046 441 1046 440 1046 440 1046 421 1049 411 1051 403 1049 389 1045 388 1045 387 1045 386 1045 386 1045 381 1048 377 1051 367 1048 357 1045 356 1045 355 1045 354 1045 347 1048 338 1051 262 1046 242 1045 242 1045 241 1045 240 1045 240 1046 233 1050 209 1045 208 1045 207 1045 205 1045 173 1049 167 1044 167 1044 166 1044 165 1044 164 1044 164 1044 162 1044 149 1049 62 1049 41 1042 40 1067 40 1077 153 1077 155 1077 164 1082 165 1082 166 1082 210 1078 218 1077 223 1078 246 1083 247 1083 248 1083 249 1083 255 1078 257 1077 260 1078 274 1083 275 1083 275 1083 301 1079 310 1077 320 1079 348 1084 349 1084 349 1084 366 1080 372 1078 382 1080 410 1084 411 1084 430 1080 436 1079 439 1080 448 1085 449 1085 450 1085 606 1081 607 1072 606 1053"/></Shape>
	    <String CONTENT="in cano. Quatuor autem &amp; can.ſeq.12. quæſt.2."
                    HPOS="40.0"
                    VPOS="1042.0"
                    WIDTH="567.0"
                    HEIGHT="43.0"
                    WC="0.9777435779571533"></String>
          </TextLine>
          <TextLine ID="line_31"
                    TAGREFS="LT275"
                    BASELINE="37 1098 611 1105" 
                    HPOS="36.0"
                    VPOS="1073.0"
                    WIDTH="575.0"
                    HEIGHT="45.0">
            <Shape><Polygon POINTS="37 1098 36 1106 126 1111 127 1111 140 1108 142 1108 148 1113 148 1113 149 1113 150 1113 151 1113 164 1109 167 1108 170 1109 183 1113 184 1113 185 1113 202 1110 207 1109 209 1110 214 1114 215 1114 216 1114 217 1114 250 1110 260 1110 262 1110 266 1114 267 1114 267 1114 268 1115 287 1115 287 1114 288 1114 296 1111 303 1110 329 1112 360 1115 361 1115 376 1113 394 1110 399 1114 400 1115 401 1115 402 1115 403 1115 420 1114 458 1111 480 1115 489 1117 489 1117 497 1116 510 1114 609 1118 611 1105 611 1086 566 1086 562 1084 539 1078 539 1078 538 1078 537 1078 526 1083 525 1084 518 1083 485 1078 485 1078 458 1081 446 1083 443 1081 436 1077 435 1077 434 1077 414 1081 408 1081 402 1081 384 1077 383 1077 354 1079 325 1082 317 1078 312 1076 312 1076 311 1076 289 1078 255 1081 248 1077 246 1075 245 1075 244 1075 243 1075 242 1075 236 1077 222 1081 168 1081 156 1075 154 1074 153 1074 152 1074 147 1075 114 1080 105 1073 104 1073 103 1073 102 1073 102 1073 100 1073 87 1077 37 1073 37 1098"/></Shape>
	    <String CONTENT="Adeò vt Bernard. epiſt. 348. velit etiam ſacros"
                    HPOS="36.0"
                    VPOS="1073.0"
                    WIDTH="575.0"
                    HEIGHT="45.0"
                    WC="0.9859261102974415"></String>
          </TextLine>
          <TextLine ID="line_32"
                    TAGREFS="LT275"
                    BASELINE="36 1131 610 1138" 
                    HPOS="35.0"
                    VPOS="1104.0"
                    WIDTH="575.0"
                    HEIGHT="47.0">
            <Shape><Polygon POINTS="36 1131 35 1139 64 1143 65 1143 138 1140 143 1140 144 1140 149 1145 150 1145 151 1145 152 1145 189 1141 200 1146 201 1146 201 1146 225 1141 226 1141 229 1141 255 1147 256 1147 278 1142 293 1147 294 1147 295 1147 338 1143 354 1148 355 1148 356 1148 390 1143 419 1149 419 1149 442 1144 482 1150 483 1151 525 1151 525 1150 526 1150 526 1150 533 1146 588 1151 588 1151 589 1151 609 1145 610 1138 609 1118 580 1118 580 1117 568 1111 567 1111 567 1111 566 1111 556 1116 554 1117 549 1116 526 1110 526 1110 478 1114 473 1110 473 1110 472 1110 471 1110 438 1113 419 1115 411 1113 402 1110 401 1110 400 1110 399 1110 392 1112 385 1114 381 1112 377 1109 376 1109 375 1109 374 1109 360 1111 356 1112 355 1111 351 1108 350 1108 349 1108 349 1108 334 1110 320 1114 303 1110 289 1107 288 1107 288 1107 283 1110 276 1114 227 1114 202 1108 195 1106 194 1106 189 1107 164 1112 134 1112 125 1106 124 1106 123 1106 123 1106 119 1106 64 1110 36 1104 36 1131"/></Shape>
	    <String CONTENT="Eccleſiæ calices vendi &amp; diſtrahi, vt pauperibus"
                    HPOS="35.0"
                    VPOS="1104.0"
                    WIDTH="575.0"
                    HEIGHT="47.0"
                    WC="0.9881653574605783"></String>
          </TextLine>
          <TextLine ID="line_33"
                    TAGREFS="LT275"
                    BASELINE="34 1164 611 1170" 
                    HPOS="33.0"
                    VPOS="1139.0"
                    WIDTH="578.0"
                    HEIGHT="45.0">
            <Shape><Polygon POINTS="34 1164 33 1172 132 1178 133 1178 134 1178 147 1174 149 1174 156 1175 196 1180 197 1180 239 1180 239 1180 240 1180 246 1176 250 1175 276 1177 322 1181 323 1181 348 1179 370 1176 401 1180 425 1182 426 1182 436 1180 445 1179 467 1181 485 1183 485 1183 486 1183 489 1181 499 1178 510 1182 510 1182 511 1182 512 1182 514 1182 536 1179 543 1183 546 1184 547 1184 547 1184 610 1184 611 1170 610 1145 589 1144 588 1144 588 1144 587 1144 575 1151 540 1151 531 1143 530 1143 530 1143 529 1143 522 1143 466 1149 401 1143 393 1142 392 1142 389 1142 366 1147 313 1142 312 1142 312 1142 311 1142 305 1147 266 1147 250 1141 248 1140 247 1140 246 1140 242 1140 208 1146 194 1142 193 1142 193 1142 106 1145 34 1139 34 1164"/></Shape>
	    <String CONTENT="ſuecurratur. Quod antea fecerat quoque Exupe¬"
                    HPOS="33.0"
                    VPOS="1139.0"
                    WIDTH="578.0"
                    HEIGHT="45.0"
                    WC="0.9957798639933269"></String>
          </TextLine>
          <TextLine ID="line_34"
                    TAGREFS="LT275"
                    BASELINE="36 1197 611 1204" 
                    HPOS="35.0"
                    VPOS="1170.0"
                    WIDTH="576.0"
                    HEIGHT="56.0">
            <Shape><Polygon POINTS="36 1197 35 1216 55 1213 78 1217 100 1221 101 1221 120 1218 162 1211 193 1219 195 1220 196 1220 197 1220 200 1220 220 1215 226 1220 227 1221 227 1221 228 1221 229 1221 230 1221 259 1221 264 1220 265 1220 266 1220 273 1214 293 1220 294 1220 295 1220 296 1220 316 1213 321 1218 322 1218 323 1218 351 1221 352 1221 353 1221 370 1214 399 1214 404 1218 405 1218 406 1218 407 1218 443 1215 448 1219 448 1219 449 1219 450 1219 481 1215 494 1224 497 1226 497 1226 498 1226 499 1226 610 1225 611 1204 609 1180 595 1183 591 1180 587 1177 586 1177 585 1177 584 1177 584 1177 579 1180 574 1183 570 1180 565 1176 564 1176 563 1176 563 1176 562 1176 554 1180 550 1181 544 1180 531 1176 530 1176 530 1176 529 1176 528 1176 528 1176 524 1180 521 1182 450 1182 446 1179 440 1175 440 1175 439 1175 438 1175 437 1175 436 1175 432 1179 431 1179 429 1179 395 1174 394 1174 393 1174 392 1174 386 1179 382 1181 366 1181 359 1178 349 1175 349 1175 348 1175 316 1178 305 1179 303 1178 292 1172 292 1172 291 1172 210 1177 193 1178 192 1177 181 1172 181 1172 158 1171 157 1171 156 1171 135 1176 132 1177 132 1176 125 1171 124 1171 123 1171 99 1170 98 1170 98 1170 84 1176 83 1176 36 1176 36 1197"/></Shape>
	    <String CONTENT="rius Tholoſanus Epiſcopus, vt Hierony. ſcribit."
                    HPOS="35.0"
                    VPOS="1170.0"
                    WIDTH="576.0"
                    HEIGHT="56.0"
                    WC="0.9945937927733076"></String>
          </TextLine>
        </TextBlock>
      </PrintSpace>
    </Page>
  </Layout>
</alto>
