1000 1448
586.0 95.0 47.0 45.0 229

213.0 106.0 227.0 28.0 CARVT IIII.

56.0 126.0 581.0 46.0 hæc ætas, à Pueritia, Adoleſcentia, Virili ma¬

55.0 162.0 578.0 43.0 turáque ætate, & Senectute. Eſt enim iuuentus

57.0 195.0 576.0 42.0 poſt adoleſcentiam, & ante virilem ætatem velu¬

56.0 227.0 577.0 43.0 ti à decimo ſeptimo anno ætatis ad viceſimum

57.0 261.0 576.0 40.0 quintum, intra quos annos exiſtimo tunc fuiſſe

62.0 290.0 573.0 45.0 Timotheum: quemadmodum adoleſcentia eſt

57.0 324.0 576.0 42.0 poſt pueritiam, & ante iuuentutẽ à ſeptimo anno

57.0 356.0 578.0 42.0 ætatis ad decimũ ſeptimũ. Sic Pythagorici diſtin¬

57.0 389.0 578.0 38.0 xerunt vt apparet ex Laertio lib.8.in vita Pytha.

57.0 423.0 576.0 37.0 goræ etſi plures annos cuique ætati tribuit. Solõ

56.0 454.0 577.0 41.0 Athenienſis in epigrammate diſtinguit hominis

57.0 487.0 580.0 41.0 totam vitã in ſeptem ætates. Sed Ioannes in pri¬

55.0 519.0 581.0 41.0 ma Epiſtola cap.2.verſ.13. & 14. tres tantùm con¬

53.0 551.0 583.0 39.0 ſtituit. Nos noſtram diſtributionem ſequimur, ex

57.0 583.0 578.0 40.0 qua cuius tunc ætatis fuerit Timotheus intelligi

61.0 617.0 578.0 41.0 poteſt, & quantis in ea ætate Dei donis, & iis qui¬

55.0 648.0 580.0 42.0 dem ſummis & egregiis, ornatus fuerit. Id quod

57.0 679.0 577.0 47.0 etiam apparet ex ſecunda Epiſtola ad eundem &

55.0 711.0 233.0 39.0 ad Philip.2.verſ.18.

87.0 744.0 548.0 45.0 Remedium autem per ſubiectionem affert

54.0 777.0 580.0 45.0 Paulus, per quod efficiatur, ne vlla paſtoris ætas

53.0 810.0 580.0 42.0 contemni vel poſsit, vel debeat. Eſt autẽ ſi illi

53.0 844.0 578.0 41.0 ſe exemplar cæterorum fidelium præbeant in vi¬

53.0 876.0 579.0 42.0 ta & doctrina. Igitur ex hoc loco colligitur iuue¬

54.0 907.0 579.0 44.0 nes eligi poſſe in miniſtros, ſi ijs Dei donis excel¬

54.0 940.0 579.0 43.0 lant, quæ ad tantum munus requiruntur. Supra

53.0 973.0 578.0 39.0 cap.3 verſ.6.diximus, quæ ætas olim cuique mu¬

53.0 1003.0 577.0 41.0 neri Eccleſiaſtico exercendo præſcripta fuerit à

56.0 1036.0 576.0 43.0 Synodis vt hîc repetere nihil ſit neceſſe. Sed apo¬

55.0 1067.0 578.0 47.0 logo lepidiſsimo docet Æſopus non ſemper ca¬

54.0 1101.0 394.0 42.0 nitiei & barbæ ineſſe ſapientiam.

86.0 1131.0 547.0 46.0 Deſcribit autem fuſius Paulus illa duo, quæ

55.0 1166.0 579.0 55.0 diximus, id eſt, quibus in rebus paſtores gregis ex

458.0 1201.0 65.0 65.0 p.iij.
