1000 1448
577.0 93.0 43.0 44.0 251

219.0 106.0 220.0 28.0 CAPVT IIII.

41.0 125.0 579.0 48.0 ptorum eſt in vniuerſum duplex. Prima, quòd

41.0 163.0 577.0 42.0 omnis reprehenſio eſt ipſa per ſe iam acerba. Ita¬

44.0 196.0 574.0 43.0 que quadam verborum lenitate eſt mitiganda, &

41.0 229.0 576.0 43.0 tanquam condienda, vt ſit vtilis peccatori, lubẽ¬

40.0 259.0 272.0 41.0 tiúſque ab eo audiatur.

72.0 287.0 542.0 49.0 Secunda, quòd iſta ratione paſtores agentes,

37.0 324.0 579.0 42.0 non impetu quodam animi ferri, ſed ſumma cha¬

37.0 357.0 579.0 43.0 ritate eos impelli apparebit, cum vitia reprehen¬

38.0 390.0 578.0 38.0 dunt. Maiorem autem vim & pondus habet no¬

37.0 422.0 579.0 39.0 ſtra oratio, vbi ſibi perſuadent homines, ſe à no¬

37.0 454.0 579.0 42.0 bis non animo iniurandi: ſed ſummo beneuolen¬

36.0 486.0 459.0 42.0 tiæ affectu commoneri, & reprehendi.

68.0 519.0 545.0 44.0 Quod ad ſpeciales cuiuſque præcepti rationes,

33.0 551.0 580.0 42.0 ſunt duæ. Prima, quòd ætas illa iuuenilis, qualis

32.0 584.0 581.0 42.0 fuit in Timotheo, omnino rationem hãc agendi

31.0 614.0 580.0 41.0 neceſſariam eſſe ſuadet. Multò enim odioſiores

32.0 647.0 579.0 44.0 ſunt reprehenſiones, quæ nobis ab adoleſcenti¬

32.0 679.0 578.0 45.0 bus fiunt, quàm quæ à ſenibus & maturæ iam æ¬

32.0 715.0 577.0 41.0 tatis viris. Senum enim prudentiam admiramur:

29.0 743.0 501.0 46.0 atque illis propter ætatem facilè cedimus.

61.0 779.0 545.0 43.0 Secunda ratio, quòd hæc ſenum & iuniorum

30.0 807.0 575.0 50.0 appellatio, quam pręſcribit hîc Paulus, cum lege

28.0 842.0 579.0 44.0 Dei maximè conuenit & conſentit. Illa enim iu¬

28.0 875.0 578.0 44.0 bet, vt ſenes, & ipſam ſenectutẽ veneremur. Vn¬

28.0 905.0 576.0 49.0 de Seniores pro patribus agnoſcere ſuadet. Qui

29.0 939.0 575.0 44.0 verò ſunt nobis ætate æquales, fratrũ nominum

28.0 972.0 576.0 46.0 & ſororũ ferè vulgò, amicitiæ ergò, à nobis ap¬

28.0 1005.0 139.0 44.0 pellantur.

64.0 1050.0 538.0 48.0 2 Mulieres natu grandiores, vt matres

24.0 1086.0 509.0 51.0 iuniores & ſorores, cum omni puritate.

54.0 1127.0 546.0 48.0 Cum omni castitate) Etiam in ipſo agendi cum

22.0 1162.0 578.0 54.0 illis iunioribus fœminis modo, ne prætextu mu¬
