1000 1448
574.0 97.0 52.0 43.0 267

219.0 106.0 173.0 29.0 CAPVT V.

49.0 123.0 580.0 58.0 beluinæ crudelitatis: vel etiam ſęuioris quã ferina

52.0 162.0 575.0 49.0 eſt. Quæ vtraque ab homine debet certè quidem

52.0 193.0 575.0 53.0 eſſe alieniſſima. Itaque hoc argumentum eſt à re¬

50.0 227.0 577.0 52.0 pugnantibus humanæ & Chriſtianæ charitati mo

50.0 258.0 174.0 41.0 ribus ductum.

83.0 287.0 541.0 56.0 Fidem abnegare eſt non verbis ipſis diſertis

49.0 323.0 572.0 51.0 abiurare fidem in Chriſtum, illius doctrinam,

50.0 357.0 573.0 47.0 quam antea amplexus eras, iam exſpuere: ſed vim

47.0 390.0 578.0 47.0 & fructũ illius ac præcepta, quæ fides Chriſtiana

47.0 422.0 577.0 47.0 tradit, ſpernere & conculcare. Qua ratione dicit

46.0 454.0 575.0 48.0 idem Paulus Tit. 1. verſ. 16. multos ore quidem

46.0 486.0 572.0 50.0 profiteri Chriſtum, qui factis eum abnegent,

47.0 520.0 574.0 49.0 quoniam illi ſunt Dei verbo immorigeri & re¬

45.0 550.0 575.0 49.0 belles. Docet autem fides Chriſtiana non tan¬

43.0 585.0 574.0 47.0 tùm omnem paternitatem & cognationem ho¬

43.0 615.0 573.0 50.0 miuum inter ipſos eſſeà Deo. Itaque ſperni ſine

42.0 648.0 571.0 47.0 Dei ipſius contemptu non poſſe, vt docet Pau¬

39.0 679.0 576.0 50.0 lus Epheſ.3 verſ,15. ſed etiam eam, ex illa paterni

39.0 714.0 575.0 47.0 tate, qua Pater Filium generat, quodammodo

39.0 747.0 575.0 46.0 profluere. Docet etiam nos eſſe hac lege Deifi¬

37.0 780.0 576.0 47.0 lios, vt illi tanquam patri obſequamur, & quã

36.0 810.0 576.0 50.0 cuique noſtrum dedit pater ille clementiſſimus

36.0 847.0 577.0 42.0 curam, prouinciam, locum, & vocationem, eam lu

35.0 876.0 577.0 47.0 bẽtiſsimè tueamur: neque eam per incuriam aut

33.0 909.0 578.0 48.0 negligentiam deſeramus. Præceptum enim Dei

33.0 943.0 577.0 45.0 Honora patrem & matrem etiam parentes ad cu¬

32.0 974.0 576.0 46.0 ram liberorum & Domeſticorum ſuorum ob¬

32.0 1004.0 102.0 44.0 ſtringit.

69.0 1037.0 541.0 47.0 Videtur autem dici poſſe in iſtos crudeles ali¬

32.0 1071.0 574.0 48.0 quid amplius, nimirum eos qui ſuos negligunt,

28.0 1102.0 579.0 46.0 eſſe non tãtum infidelibus peiores: ſed etiam bru

28.0 1135.0 575.0 49.0 tis ipſis animãtibus deteriores & ſtupidiores, quę

27.0 1167.0 570.0 60.0 exſe nata ſuſcipiũt, fouẽt, amplectũtur, &educãt,
