1000 1448
224.0 110.0 217.0 22.0 CARVT IIII.

580.0 90.0 53.0 43.0 207

53.0 130.0 584.0 44.0 qua nos exerceri, & operam ponere vellet: non

52.0 168.0 583.0 38.0 etiam externarum vllarum cæremoniarum, quas

51.0 197.0 584.0 41.0 tantopere homines tamen laudant & admiran¬

52.0 230.0 583.0 41.0 tur. Reſpond. Paulus, illam vnam pietatem vtilẽ

52.0 262.0 581.0 36.0 eſſe tum in ſeſe, tum aliarum exercitationum &

53.0 294.0 580.0 43.0 operum, quæ homines conſectantur, ratione &

54.0 329.0 187.0 39.0 comparatione.

84.0 357.0 551.0 40.0 Apparet verò tum ex hoc loco, tum etiam ex

53.0 388.0 581.0 43.0 epiſtola ad Coloſſ.2.iam ætate Pauli plus ſatis ex¬

52.0 422.0 583.0 41.0 ternæ illi vitæ rationi & auſteritati homines etiã,

53.0 453.0 583.0 46.0 qui Chriſtum profitebantur, tribuiſſe, illíque ad¬

52.0 487.0 582.0 42.0 dictos fuiſſe. Quod ex eo profectum videri po¬

53.0 519.0 581.0 44.0 teſt, primùm quod fermentum illud Phariſæo¬

51.0 553.0 584.0 41.0 rum, quod tamen toties Chriſtus reprehenderat,

52.0 584.0 583.0 45.0 iam inualuerat apud pleroſque, quemadmodum

52.0 617.0 582.0 41.0 ex quorundam animis falſa illa de rituum Papi¬

51.0 649.0 582.0 39.0 ſticorum, & habitus monachalis ſanctitate per¬

53.0 680.0 581.0 45.0 ſuaſio euelli hodie non poteſt Matth.23. Deinde

53.0 715.0 580.0 42.0 hæc hæreſeon & ſuperſtitionum ſemina, quæ po¬

52.0 746.0 581.0 40.0 ſtea creuerunt, & Papiſmum & Monachiſmum

53.0 779.0 579.0 45.0 penitus, vti fœtus infeliciſsimos, pepererunt, à

53.0 810.0 580.0 45.0 Sathana iaciebantur, & ſerebãtur in animis Chri¬

52.0 844.0 581.0 43.0 ſtianorum hominum, id eſt, myſterium iniquita¬

52.0 876.0 581.0 44.0 tis iã agebatur vt docet Paulus 2. Theſſ.2. Deni¬

53.0 912.0 580.0 40.0 que quod humanum ingenium vti ſuapte natura

54.0 943.0 579.0 37.0 vanũ eſt ita vanarum rerũ amans eſt & auidum,

54.0 973.0 578.0 45.0 quales ſunt omnes illæ externæ cultus Dei vel vi¬

53.0 1005.0 581.0 44.0 tæ ſanctitatis ſpecies. Itaque maturè tantæ huic

55.0 1037.0 579.0 46.0 veræ fidei & religionis peſti occurrere voluit

53.0 1070.0 580.0 45.0 Dei ſpiritus: ſed propterea tamen non eſt exciſa

53.0 1103.0 578.0 43.0 tanti, támq; noxij mali radix: ſed ſtatim in Eccle¬

53.0 1135.0 577.0 44.0 ſia pullulauit, primùm per Nicolaitas, & Ebio¬

53.0 1170.0 576.0 51.0 næos: deinde per Gnoſticos, denique per Mona¬
