1000 1448
349.0 94.0 66.0 26.0 278

463.0 77.0 382.0 37.0 AD I. FAVL. AD TIM.

351.0 108.0 579.0 49.0 quem nobiſcum circumferimus: & ſiquidem illa

353.0 145.0 573.0 44.0 bona eſt, bonus eſt & ſuauis gratúſque ille odor,

353.0 178.0 576.0 44.0 quem emittimus: ſin verò illa eſt mala, eſt etiam

354.0 210.0 576.0 46.0 odor à nobis effluens malus, & malè olens qui a¬

355.0 242.0 575.0 41.0 lios, cum quibus verſamur, offendit. Itaque iubet

355.0 275.0 575.0 44.0 Paulus, vt quæcunque ſunt ἕυρημα.ι. bonum nomẽ

355.0 309.0 575.0 40.0 bonis conciliant, & cogitemus & procuremus.

357.0 338.0 575.0 46.0 Philip. 4. verſ. 8. Id quod etiam Heſiod. lib1.

355.0 370.0 575.0 45.0 ἔργ.καί ημίς. præclariſsimè verſibus monet. Α’ύξησιν

355.0 405.0 576.0 43.0 ſuperiorem ſequitur ἐξήγησις. Aliquot enim exem

359.0 438.0 575.0 44.0 plis, & generibus actionum explicat atque illu¬

358.0 470.0 576.0 43.0 ſtrat quod generaliter antea dixerat Paul. Affert

358.0 504.0 576.0 40.0 autem quatuor eorum bonorum operũ ſpecies,

358.0 534.0 576.0 44.0 quæ maximè futuro muneri & allegẽdæ diaconiſ

358.0 567.0 579.0 44.0 ſę quadrant atque conueniunt. Cùm enim paupe¬

357.0 597.0 577.0 45.0 rum cura illi committenda ſit, quę res & Miſeri¬

357.0 631.0 577.0 44.0 cordem animum, & diligentem atque etiam de

357.0 663.0 577.0 44.0 miſſum requirit, ea bona opera cõmemorat Pau

357.0 693.0 577.0 47.0 lus, ex quibus huiuſmodi animus facilè argui &

358.0 728.0 334.0 43.0 deprehendi in nobis poteſt.

389.0 756.0 545.0 50.0 Diligentiæ ſignum erit, ſi liberos proprios ſtu¬

359.0 793.0 521.0 45.0 dioſè, & diligenter ipſa educauit & curauit.

391.0 824.0 543.0 38.0 Miſericors & humanns illius deprehendetur

358.0 855.0 530.0 43.0 animus, ſi hoſpitalis fuit, & afflictis ſubuenit.

390.0 888.0 543.0 44.0 Demiſsus autẽ illius animus, ſi ſanctorum pe¬

362.0 923.0 348.0 42.0 des lauare non eſt dedignata.

391.0 950.0 539.0 48.0 Denique pietas & probitas eius intelligetur,

360.0 984.0 574.0 44.0 ſi quodlibet opus bonum aſsiduè & ſtudioſè cõ¬

359.0 1017.0 471.0 44.0 ſectata eſt. Hæc eſt breuitęr mens Pauli.

391.0 1048.0 545.0 47.0 Quod ſi hæc tam diligenter in iis, qui ad mi¬

358.0 1081.0 577.0 45.0 nora eccleſiæ munera vocantur obſeruari vult

358.0 1114.0 577.0 44.0 Paulus, id eſt, Dei ſpiritus, & ab illis requirit has

361.0 1148.0 575.0 67.0 virtures, quid ſentiendum ſtatuendúmque nobie

891.0 1179.0 45.0 59.0 eſt
