1000 1448
210.0 101.0 232.0 25.0 CAAVT. IIII.

586.0 81.0 47.0 45.0 293

54.0 123.0 579.0 41.0 quere iuxta illud Alligatus es vxori, noli quære¬

53.0 154.0 580.0 43.0 re ſolutionem. Primum falſa ſimilitudine nititur

54.0 188.0 579.0 41.0 coniugij, & vinculi paſtoralis: deinde nec eum i¬

53.0 220.0 580.0 43.0 pſum Ogerium, qui gregem ſuũ deſeruerat, dam¬

52.0 253.0 581.0 40.0 nat, tanquam qui ſit ab Eccleſia expellendus, ſed

54.0 285.0 579.0 40.0 qui ſui facti & temeritatis pœnitere debeat, non

54.0 318.0 577.0 40.0 de eo gloriari. Et ſanè in eo falluntur homines,

54.0 349.0 579.0 40.0 qui non putant magis licere paſtori Eccleſiaſtico

55.0 382.0 577.0 39.0 miniſterii profeſsionẽ ſemel ſuſceptam mutare,

57.0 417.0 576.0 39.0 quàm maritato coniugem nõ adulteram dimit¬

53.0 450.0 578.0 41.0 tere. Etſi ſine ratione iſta vitæ mutatio fieri non

53.0 478.0 88.0 40.0 debet.

139.0 522.0 493.0 52.0 Cæterum profanas & aniles fabulas

51.0 566.0 501.0 49.0 reijce: ſed exerce teipſum ad pietatem.

83.0 608.0 550.0 43.0 Αʹντίθεσις. Sanæ enim & ſuperiori doctrinæ

53.0 643.0 580.0 41.0 opponit Paulus fabulas, quas Prophanas, & Ani¬

52.0 673.0 581.0 44.0 les vocat. Fabularũ nomine intelligit tum ſupe¬

51.0 705.0 580.0 43.0 rius damnatam de prohibitione ciborum doctri¬

51.0 740.0 579.0 41.0 nam: tum etiam reliquas, quæ in rebus externis

49.0 772.0 586.0 42.0 cultum Dei conſtituunt Prophanas voca, quòd

49.0 802.0 580.0 45.0 ſint blaſphemæ. Aniles autem, quòd ſint nihili.

51.0 838.0 580.0 41.0 Eſt autem hoc poſtremũ dictum ex forma qua¬

49.0 869.0 583.0 40.0 dam vulgaris prouerbii ſumptum, quia ſolent a¬

49.0 901.0 583.0 41.0 nus mulieres fabulas & fictitia quædam comme¬

52.0 933.0 581.0 41.0 morare lubentiùs, quòd propter ætatem multa

49.0 966.0 581.0 41.0 ſibi tribuunt: atque ſunt natura verboſæ. Has ta¬

50.0 998.0 580.0 38.0 men fabulas Chryſoſt. refert non ad ſuperiorem

49.0 1032.0 580.0 41.0 doctrinã, ſed ad Iudaicas traditiones, & cæremo¬

48.0 1064.0 582.0 43.0 nias: ſed perperã, vt quilibet facile animaduerte¬

48.0 1100.0 122.0 36.0 re poteſt.

80.0 1127.0 550.0 43.0 Sed exerce teipſum) Tranſitio eſt, per quam ad

45.0 1161.0 584.0 53.0 alterã miniſterij & muneris Euãgelici parté acce
