1000 1448
591.0 88.0 43.0 49.0 329

215.0 106.0 180.0 18.0 CAPVTV.

57.0 120.0 580.0 54.0 nis tam ſeriæ eſt duplex. Primùm quòd de re ma

56.0 159.0 583.0 48.0 ximi momẽti, & latè fuſa & patenti acturus exci¬

58.0 192.0 579.0 48.0 tare eos voluit quos affatur, & ad quos hoc præ¬

56.0 225.0 579.0 46.0 ceptum pertinet, quos hoc fulgure & ſtimulo per

57.0 254.0 576.0 50.0 ſtringit. Agitur enim de Iudiciorũ ſynceritate, ex

57.0 290.0 576.0 46.0 qua vna re tum vitæ & ſocietatis humanę conſer¬

53.0 320.0 580.0 49.0 uatio:tum eccleſiæ ipſius vinculum, pax & diſci¬

53.0 353.0 580.0 47.0 plinæ omnis ratio pendet. Itaque hac ſynceritate

52.0 385.0 581.0 47.0 neglecta, aut violata multã rerum confuſionem

52.0 418.0 581.0 45.0 & perturbationem tum in politicis, tum in ec¬

49.0 449.0 584.0 50.0 cleſiaſticis rebus ſequi neceſſe eſt. Altera ratio ad

49.0 482.0 581.0 50.0 dendæ huius obteſtationis eſt rei ipſius, quæ præ

48.0 516.0 583.0 46.0 cipitur, difficultas. Nihil enim tam arduum & dif

47.0 546.0 581.0 49.0 ficile etiam optimo cuique &cordatiſſimo, quàm

45.0 581.0 581.0 48.0 illam ſynceram, æquam, & mediam viam in iudi¬

45.0 614.0 582.0 46.0 cando tenere, vt in nullam partem vel perſonarũ

43.0 647.0 583.0 47.0 acceptatione & reſpectu: vel ipſe proprio animi

43.0 678.0 582.0 44.0 motu à veritate vel officio deflectas. Admonet

44.0 711.0 579.0 48.0 enim hîc Paulus Timotheum, non gregarium

43.0 744.0 578.0 48.0 quempiam & nouitium paſtorem: ſed egregium

41.0 777.0 580.0 43.0 & inſignem. Itaque proponit Paulus nobis alios

39.0 810.0 582.0 45.0 noſtræ ſententiæ iudices futuros, quorum reue¬

39.0 842.0 580.0 46.0 rentia & metu affici debemus, ne quid vel ho¬

38.0 876.0 498.0 42.0 minibus vel noſtris affectibus tribuamus.

70.0 906.0 551.0 48.0 Singula vero huius obteſtationis verba ſuntdi

36.0 938.0 583.0 47.0 ligenter obſeruanda & perpendenda. Ac primũ

39.0 972.0 581.0 48.0 quod vel ludices vel teſtes quos producit pre¬

35.0 1004.0 582.0 48.0 ſentes eſſe teſtatur. Quod enim dicit perinde eſt,

36.0 1039.0 581.0 45.0 atq; ſi ſpectatores, ac αυτόπτας eos eſſe affirmaret

32.0 1069.0 583.0 45.0 deinde teſtes adhibet grauiſſimos nempe, Deum

32.0 1099.0 583.0 49.0 ipſum, Ieſum Chriſtum, & Angelos ſanctos. Dei

30.0 1135.0 585.0 45.0 nomine hîc propriè patrem intelligimus, quòd

30.0 1166.0 583.0 57.0 Ieſu Chriſti Filij ſeorſum poſtea facta mentio
