1000 1448
596.0 83.0 39.0 47.0 257

255.0 98.0 178.0 18.0 CAPVT V.

59.0 111.0 580.0 54.0 paſtorum Euangelicorum ſollicitudine digna,

60.0 150.0 581.0 46.0 docet Paulus: deinde ab effectu ſiue proprio ea¬

57.0 183.0 582.0 45.0 rum munere eaſdem depingit, nempe à preci¬

58.0 214.0 579.0 43.0 bus & pietate eximia. Eſt in cano. Vidua diſtinct.

60.0 246.0 579.0 47.0 34 aliqua de viduis diſputatio ex Hieronym. ſed

61.0 279.0 575.0 45.0 quæ nihil, niſi ſuperſtitioſum & mancum, habeat.

57.0 311.0 580.0 46.0 Eæ igitur viduæ Eccleſiæ eleemoſynis ſubleuari

57.0 342.0 578.0 48.0 debent, quæ deſcribuntur hoc loco. Nam exhis

56.0 376.0 580.0 45.0 Pauli præceptis etiam aliæ regulæ & canones de

56.0 407.0 578.0 48.0 pauperibus ab Eccleſia alendis ſunt decerpendi,

55.0 441.0 578.0 47.0 vt & Paſtores, & Diaconi Eccleſiæ intelligant,

53.0 473.0 582.0 45.0 quos in albo pauperum habere, quibúſque ex æ¬

49.0 505.0 587.0 49.0 rario Eccleſiaſtico ſuccurrere debeant, ne, ſi aliud

50.0 540.0 583.0 44.0 hominum genus alant, fucos potius quàm paupe¬

49.0 573.0 582.0 39.0 res nutriant & paſcant: & temerè tenues Eccleſiæ

49.0 604.0 584.0 44.0 opes profundant. Magna enim cura eſt adhiben¬

49.0 636.0 581.0 43.0 da, vt prudenter, & quibus oportet, fidelium e¬

48.0 666.0 579.0 49.0 leemoſynæ diſtribuantur, vt etiam 2.Theſſalon.3.

49.0 700.0 172.0 41.0 docet Paulus.

84.0 731.0 544.0 48.0 Videtur autem hoc loco proponi duplex ve¬

45.0 765.0 583.0 48.0 ræ & pauperis viduæ deſcriptio, vna ab Etymi

44.0 798.0 584.0 45.0 ratione & explicatione ſumpta, altera ab officio

44.0 833.0 582.0 43.0 & muuere earum. Nam cùm ait Paulus χῆραἔστιν ὸ

43.0 864.0 581.0 47.0 μεμονομένη vocis ipſius χήρας ſignificationem ſy¬

42.0 896.0 584.0 47.0 nonymo explicauit. χῆρα enim ἀπὸ το͂ χηρο͂ν, quod

42.0 929.0 584.0 43.0 eſt deſolare, deſtituere, orbare proculdubio de¬

43.0 962.0 583.0 44.0 ducitur. Hoc autem ipſum vox ſequens μεμονομé¬

43.0 994.0 582.0 44.0 vn planè deſignat, quæ ſolam eſſe, deſertam, &

42.0 1026.0 583.0 43.0 præſidio deſtitutam ſignificat. Id quod ex Ge¬

41.0 1057.0 584.0 43.0 neſ. 15. verſ.3.videtur ſumptum. Sed à Latinis ipſis

44.0 1090.0 582.0 46.0 viduertas dicta eſt calamitas, vt ſcribit Sext. Pom¬

44.0 1123.0 581.0 45.0 peius. Hæc igitur μονώτης & ſolitudo non tantùm

43.0 1157.0 579.0 52.0 marito priuatam eſſe oportere hanc viduam do¬

473.0 1192.0 39.0 45.0 r.j.
