1000 1448
583.0 81.0 50.0 58.0 289

260.0 103.0 125.0 21.0 CAPVT

395.0 103.0 34.0 21.0 V.

53.0 117.0 576.0 56.0 diſciplina ipſa Eccleſiaſtica, diſtinguamus ea,

54.0 157.0 575.0 48.0 quæ ſunt Fundamentalia politiæ Eccleſiaſticæ,

53.0 190.0 575.0 47.0 ab Acceſſorijs & leuioribus. Fundamentalia ve¬

53.0 222.0 578.0 46.0 rò ſunt hæc in politia Eccleſiaſtica. Primùm vt

53.0 254.0 580.0 49.0 ſit aliqua politia Eccleſiaſtica, & quidam ordo

53.0 286.0 579.0 48.0 in Del domo, qui tollat confuſionem. Deinde, vt

53.0 320.0 580.0 47.0 legitimæ perſonarum vocationes, per quas Dei

53.0 353.0 576.0 48.0 verbum legitimè adminiſtratur, charitáſque &

50.0 386.0 577.0 46.0 ſanctitas vitæ exercetur in Eccleſia, retineantur,

51.0 417.0 436.0 44.0 veluti Paſtores, Preſbyteri, Diaconi.

86.0 449.0 543.0 48.0 Tertiò, vt ij electi legitimè & ex præſcripto

49.0 483.0 577.0 48.0 Dei verbo ſuo munere fungantur, vel deponan¬

49.0 518.0 253.0 38.0 tur, & remoueantur.

80.0 546.0 549.0 46.0 Acceſſoria dico, quæ, vt hæc fiant & obſeruen¬

49.0 579.0 580.0 49.0 tur, in Eccleſia quaque pro tempore, perſonis &

49.0 612.0 578.0 46.0 locis ſtatui poſſunt. Acceſſoria incolumi manen¬

63.0 644.0 562.0 48.0 t diſciplina in Eccleſia ipſa variari poſſunt. Ma¬

47.0 677.0 580.0 47.0 neat enim ſemper diſciplinæ fundamentũ & pars

47.0 713.0 578.0 43.0 præcipua, ſed tantùm ea mutentur, quæ commo¬

46.0 741.0 578.0 48.0 dioris illius obſeruationis gratia tunc viſa ſunt

45.0 775.0 578.0 45.0 neceſſaria: veluti vt futurus & eligendus Epiſco¬

45.0 806.0 578.0 48.0 pus à tribus Epiſcopis, non à duobus tantùm eli¬

46.0 841.0 577.0 46.0 geretur. Hoc mutari poteſt incolumi Eccleſia &

45.0 872.0 576.0 48.0 diſciplina. Vt in vrbe Metropolit, electio fiat &

45.0 905.0 578.0 47.0 examen futuri Epiſcopi, non alibi. Hoc etiam

45.0 938.0 577.0 45.0 mutari poteſt. Itaque vetus Eccleſia in ijs rebus

44.0 970.0 578.0 45.0 ſępe diuerſam formam habuit & ſecuta eſt, inco¬

43.0 1002.0 577.0 45.0 lumi nihilominus Dei verbo, ipſóque fundamẽ¬

43.0 1033.0 575.0 45.0 to Eccleſiaſticæ diſciplinæ retento. Ex quo fit,

44.0 1068.0 576.0 44.0 vt cùm hæ Diaconiſſę fuerint tantùm ſubſidiariæ

43.0 1101.0 578.0 45.0 Diaconorum manus & operæ (propter egenorũ

41.0 1133.0 580.0 45.0 & ægrotorum ingentem numerum & multitudi¬

41.0 1164.0 579.0 57.0 nem penè infinitam) quo tempore Noſodochijss

460.0 1206.0 36.0 47.0 t4
