1000 1448
234.0 104.0 172.0 21.0 CAPVT V.

572.0 90.0 53.0 42.0 249

46.0 123.0 576.0 45.0 oporteat miniſtrum verbi Dei & paſtorẽ ὀρθoτο¬

47.0 160.0 578.0 41.0 με͂, id eſt, rectè & pro cuiuſque captu & vtilita¬

47.0 193.0 577.0 40.0 te diſpenſare ſanam doctrinam, & quæ ex ea pro¬

47.0 230.0 581.0 33.0 ficiſcuntur admonitiones 2. Timoth. 2.verſ.15.Id

49.0 257.0 574.0 39.0 quod feciſſe Ioannem animaduertimus 2. Epiſt.

47.0 291.0 578.0 40.0 cap,2, verſ. 12.13.14. Sed obſtat quòd hac ratione,

48.0 322.0 575.0 39.0 quam inducit hoc loco Paulus, videtur haberi &

47.0 354.0 578.0 41.0 præſcribi acceptio perſonarum, quam in vero &

45.0 385.0 580.0 42.0 fideli diſpenſatore verbi ſui eſſe vetat Deus Ma¬

44.0 419.0 580.0 42.0 lach.2.verſ.9. Præterea cùm in Chriſto ne que ſit

45.0 453.0 579.0 41.0 mas, neque fœmina, neque ſeruus, neque liber,

42.0 483.0 580.0 42.0 neque ſenex, neque adoleſcens, cur iſta vel ſexus

43.0 514.0 579.0 40.0 vel ætatis ratio & diſtinctio fit? Reſpond. Perſo¬

41.0 549.0 581.0 41.0 narum acceptionem non induci, cùm omnes re¬

41.0 579.0 580.0 43.0 prehendantur qui peccarunt. Sed aliud eſt pru¬

41.0 612.0 580.0 41.0 dens & fidelis verbi doctrinæque cœleſtis diſpẽ¬

40.0 643.0 579.0 43.0 ſatio, quam Paulus ὀρθοτομίαν appellauit: aliud au¬

41.0 678.0 576.0 41.0 tem perſonarum gratioſa & damnata acceptatio,

43.0 711.0 575.0 39.0 quæ dicitur πρπωποληδία. Quod autem affertur

41.0 742.0 576.0 41.0 in Chriſto neque marem eſſe, neque fœminam

42.0 774.0 575.0 43.0 Galat.3, verſ.28. aliò prorſus pertinet, quàm ad

41.0 806.0 221.0 41.0 hoc argumentum.

72.0 841.0 545.0 42.0 Quæritur etiam vtrum hæc præcepta ad pri¬

40.0 875.0 577.0 32.0 uatas tantum, an verò ad publicas etiam repre¬

39.0 905.0 576.0 40.0 henſiones, quæ fiunt à Miniſtris, pertineant. Pu¬

37.0 936.0 580.0 40.0 blicę verò ſunt admonitiones, quę & in cõſiſtorio

37.0 968.0 581.0 40.0 fiunt, & nomine totius Eccleſiæ à ſenatu Eccleſia¬

37.0 1003.0 581.0 40.0 ſtico, vel ab aliquo Preſbytero, quanquam priua¬

37.0 1032.0 578.0 41.0 tim & domi fiant. Reſpond. Quidam ad priuatas

37.0 1067.0 579.0 40.0 tantùm admonitiones & reprehenſiones hæc

37.0 1098.0 577.0 41.0 præcepta referenda eſſe putant. Quidam autem

35.0 1131.0 578.0 42.0 ad publicas duntaxat. Ego verò ad vtraſque, quia

35.0 1164.0 577.0 50.0 ſemper ratio ætatis & ſexus à nobis habenda eſt.
