<?xml version="1.0" encoding="UTF-8"?>
<alto xmlns:xsi="http://www.w3.org/2001/XMLSchema-instance"
      xmlns="http://www.loc.gov/standards/alto/ns-v4#"
      xsi:schemaLocation="http://www.loc.gov/standards/alto/ns-v4# http://www.loc.gov/standards/alto/v4/alto-4-2.xsd">
  <Description>
    <MeasurementUnit>pixel</MeasurementUnit>
    <sourceImageInformation>
      <fileName>2013103.png</fileName>
    </sourceImageInformation>
  </Description>
  <Tags>
    <OtherTag ID="BT7" LABEL="CustomZone" DESCRIPTION="block type CustomZone"/><OtherTag ID="BT8" LABEL="DamageZone" DESCRIPTION="block type DamageZone"/><OtherTag ID="BT9" LABEL="DigitizationArtefactZone" DESCRIPTION="block type DigitizationArtefactZone"/><OtherTag ID="BT10" LABEL="DropCapitalZone" DESCRIPTION="block type DropCapitalZone"/><OtherTag ID="BT11" LABEL="GraphicZone" DESCRIPTION="block type GraphicZone"/><OtherTag ID="BT12" LABEL="MainZone" DESCRIPTION="block type MainZone"/><OtherTag ID="BT13" LABEL="MarginTextZone" DESCRIPTION="block type MarginTextZone"/><OtherTag ID="BT14" LABEL="MusicZone" DESCRIPTION="block type MusicZone"/><OtherTag ID="BT15" LABEL="NumberingZone" DESCRIPTION="block type NumberingZone"/><OtherTag ID="BT17" LABEL="QuireMarksZone" DESCRIPTION="block type QuireMarksZone"/><OtherTag ID="BT18" LABEL="RunningTitleZone" DESCRIPTION="block type RunningTitleZone"/><OtherTag ID="BT19" LABEL="SealZone" DESCRIPTION="block type SealZone"/><OtherTag ID="BT20" LABEL="StampZone" DESCRIPTION="block type StampZone"/><OtherTag ID="BT21" LABEL="TableZone" DESCRIPTION="block type TableZone"/><OtherTag ID="BT22" LABEL="TitlePageZone" DESCRIPTION="block type TitlePageZone"/>
    <OtherTag ID="LT7" LABEL="CustomLine" DESCRIPTION="line type CustomLine"/><OtherTag ID="LT8" LABEL="DefaultLine" DESCRIPTION="line type DefaultLine"/><OtherTag ID="LT9" LABEL="DropCapitalLine" DESCRIPTION="line type DropCapitalLine"/><OtherTag ID="LT10" LABEL="HeadingLine" DESCRIPTION="line type HeadingLine"/><OtherTag ID="LT11" LABEL="InterlinearLine" DESCRIPTION="line type InterlinearLine"/><OtherTag ID="LT12" LABEL="MusicLine" DESCRIPTION="line type MusicLine"/><OtherTag ID="LT275" LABEL="default" DESCRIPTION="line type default"/>
  </Tags>
  <Layout>
    <Page WIDTH="1000"
          HEIGHT="1448"
          PHYSICAL_IMG_NR="9"
          ID="eSc_dummypage_">
      <PrintSpace HPOS="0"
                  VPOS="0"
                  WIDTH="1000"
                  HEIGHT="1448">
        <TextBlock HPOS="218.16534423828125"
                   VPOS="81.70152282714844"
                   WIDTH="233.77548217773438"
                   HEIGHT="30.88884735107422"
                   ID="block_1"
                   TAGREFS="BT18">
          <Shape><Polygon POINTS="218.165 81.7015 451.941 81.7015 451.941 112.59 218.165 112.59 218.165 81.7015"/></Shape>
          <TextLine ID="line_0"
                    TAGREFS="LT275"
                    BASELINE="221 105 444 101" 
                    HPOS="220.0"
                    VPOS="96.0"
                    WIDTH="224.0"
                    HEIGHT="22.0">
            <Shape><Polygon POINTS="437 96 429 96 421 96 413 96 405 96 397 96 389 96 381 96 373 96 365 96 357 96 349 96 341 96 333 96 325 96 316 96 308 96 300 96 292 96 284 96 276 96 268 96 260 96 252 96 244 96 236 96 228 96 220 96 221 105 221 117 262 118 263 118 263 118 271 115 279 112 284 115 290 117 291 117 292 117 292 117 293 117 293 116 296 114 299 111 312 113 334 116 335 116 336 116 349 111 355 110 371 111 434 115 435 115 436 115 436 115 444 108 444 101 443 96 437 96"/></Shape>
	    <String CONTENT="CARVTIIII"
                    HPOS="220.0"
                    VPOS="96.0"
                    WIDTH="224.0"
                    HEIGHT="22.0"
                    WC="0.9996883538034227"></String>
          </TextLine>
        </TextBlock>
        <TextBlock HPOS="567.7433471679688"
                   VPOS="81.16170501708984"
                   WIDTH="57.9189453125"
                   HEIGHT="31.04827117919922"
                   ID="block_0"
                   TAGREFS="BT15">
          <Shape><Polygon POINTS="567.743 81.1617 625.662 81.1617 625.662 112.21 567.743 112.21 567.743 81.1617"/></Shape>
          <TextLine ID="line_1"
                    TAGREFS="LT275"
                    BASELINE="576 102 621 100" 
                    HPOS="575.0"
                    VPOS="72.0"
                    WIDTH="46.0"
                    HEIGHT="46.0">
            <Shape><Polygon POINTS="576 102 576 111 604 118 605 118 621 115 621 100 619 76 600 72 600 72 575 77 576 102"/></Shape>
	    <String CONTENT="187"
                    HPOS="575.0"
                    VPOS="72.0"
                    WIDTH="46.0"
                    HEIGHT="46.0"
                    WC="0.9998786648114523"></String>
          </TextLine>
        </TextBlock>
        <TextBlock HPOS="37.60541915893555"
                   VPOS="119.90442657470703"
                   WIDTH="592.4870491027832"
                   HEIGHT="1077.4750900268555"
                   ID="block_2"
                   TAGREFS="BT12">
          <Shape><Polygon POINTS="37.6054 119.904 630.092 119.904 630.092 1197.38 37.6054 1197.38 37.6054 119.904"/></Shape>
          <TextLine ID="line_2"
                    TAGREFS="LT275"
                    BASELINE="41 148 624 139" 
                    HPOS="40.0"
                    VPOS="110.0"
                    WIDTH="584.0"
                    HEIGHT="50.0">
            <Shape><Polygon POINTS="41 148 41 160 81 160 82 160 82 160 85 160 95 154 122 159 133 160 134 160 135 160 142 158 159 153 219 157 249 159 250 159 251 159 251 159 255 156 258 154 271 156 282 158 283 158 283 158 288 156 298 152 309 156 314 157 315 157 316 158 358 158 358 157 359 157 367 155 381 149 415 149 424 154 429 156 430 156 431 156 457 156 457 156 458 156 459 156 462 153 469 148 623 150 624 139 622 116 571 110 570 110 538 116 533 117 525 116 482 111 481 111 481 111 468 117 463 119 425 119 421 117 412 112 411 112 411 112 410 112 398 117 392 119 386 117 376 113 375 113 374 113 374 113 364 117 358 120 40 119 41 148"/></Shape>
	    <String CONTENT="&amp; refutat : alterum prætermittit, quod hoc malũ"
                    HPOS="40.0"
                    VPOS="110.0"
                    WIDTH="584.0"
                    HEIGHT="50.0"
                    WC="0.9889561235904694"></String>
          </TextLine>
          <TextLine ID="line_3"
                    TAGREFS="LT275"
                    BASELINE="41 180 425 172 625 172" 
                    HPOS="41.0"
                    VPOS="145.0"
                    WIDTH="584.0"
                    HEIGHT="46.0">
            <Shape><Polygon POINTS="41 180 41 186 68 191 69 191 100 185 103 185 105 185 119 190 119 190 120 190 141 186 203 189 204 189 205 189 218 185 253 189 254 189 355 181 366 181 369 181 398 186 399 186 468 180 474 180 479 180 527 185 528 185 529 185 545 179 546 179 548 179 600 183 600 183 624 177 625 172 624 152 582 145 581 145 580 145 580 145 571 152 543 146 543 146 542 146 526 153 504 147 503 147 502 147 502 147 487 153 475 147 474 147 473 147 418 155 397 148 396 148 379 148 378 148 378 148 364 156 329 150 329 150 328 150 310 155 285 150 284 150 283 150 283 150 273 156 172 152 172 152 171 152 148 159 103 152 102 152 102 152 101 152 92 160 41 160 41 180"/></Shape>
	    <String CONTENT="nondum vicinum eſſe præuideret Paulus. Sed a¬"
                    HPOS="41.0"
                    VPOS="145.0"
                    WIDTH="584.0"
                    HEIGHT="46.0"
                    WC="0.9946425252490574"></String>
          </TextLine>
          <TextLine ID="line_4"
                    TAGREFS="LT275"
                    BASELINE="42 212 622 203" 
                    HPOS="41.0"
                    VPOS="176.0"
                    WIDTH="581.0"
                    HEIGHT="51.0">
            <Shape><Polygon POINTS="42 212 42 227 59 226 60 226 61 226 61 226 67 221 157 224 164 224 165 224 166 224 167 224 181 218 198 223 202 224 203 224 204 225 242 225 242 224 242 224 248 222 259 216 277 221 290 223 291 223 307 219 325 215 337 218 337 218 338 218 339 218 360 214 373 218 388 222 389 222 390 222 426 221 427 221 427 221 435 216 436 215 437 216 452 220 452 220 453 220 454 220 464 214 468 213 489 214 564 219 565 219 566 219 567 219 580 211 622 209 622 203 621 185 588 185 569 176 568 176 567 176 567 176 547 185 521 185 510 178 509 178 508 178 507 178 506 178 506 178 495 185 433 183 432 183 390 187 358 180 357 180 325 184 291 181 290 181 289 181 288 181 277 189 255 181 255 181 254 181 188 187 159 183 158 183 157 183 156 183 145 191 130 184 129 184 107 184 106 184 106 184 90 192 90 193 41 193 42 212"/></Shape>
	    <String CONTENT="pertiſſimè in Epiſt. ad Hebr. cap.13.verſ.4 ref ata¬"
                    HPOS="41.0"
                    VPOS="176.0"
                    WIDTH="581.0"
                    HEIGHT="51.0"
                    WC="0.987041323814752"></String>
          </TextLine>
          <TextLine ID="line_5"
                    TAGREFS="LT275"
                    BASELINE="42 244 623 236" 
                    HPOS="41.0"
                    VPOS="213.0"
                    WIDTH="582.0"
                    HEIGHT="45.0">
            <Shape><Polygon POINTS="42 244 42 252 60 252 61 252 68 258 69 258 69 258 70 258 115 251 117 251 119 251 139 257 140 257 141 257 183 252 215 256 216 256 283 249 284 249 285 249 307 255 308 255 308 255 349 249 389 254 390 254 450 246 451 246 452 246 554 251 555 251 555 251 567 246 577 250 578 250 579 250 580 250 590 245 604 249 605 249 606 249 607 249 623 243 623 236 621 219 526 219 518 215 517 215 516 215 515 215 503 220 494 213 493 213 493 213 448 213 448 213 447 213 432 220 419 215 419 215 418 215 397 218 358 214 357 214 356 214 329 221 300 217 299 217 298 217 279 222 268 216 267 216 267 216 245 216 244 216 243 216 228 224 211 224 202 218 201 218 201 218 180 217 179 217 178 217 177 217 165 225 128 225 101 218 100 218 99 218 98 218 80 226 41 226 42 244"/></Shape>
	    <String CONTENT="tur, &amp; iugulatur iſte error de prohibitione con¬"
                    HPOS="41.0"
                    VPOS="213.0"
                    WIDTH="582.0"
                    HEIGHT="45.0"
                    WC="0.9850086780885855"></String>
          </TextLine>
          <TextLine ID="line_6"
                    TAGREFS="LT275"
                    BASELINE="43 276 403 270 624 270" 
                    HPOS="42.0"
                    VPOS="244.0"
                    WIDTH="582.0"
                    HEIGHT="48.0">
            <Shape><Polygon POINTS="43 276 43 285 74 292 74 292 99 292 99 292 100 292 101 292 106 287 134 290 135 290 164 283 167 283 169 283 188 287 189 287 213 283 222 290 222 290 223 290 224 290 271 288 271 288 272 288 277 284 351 288 352 288 353 288 374 281 388 281 401 281 411 287 412 287 413 287 414 287 415 287 432 283 469 287 470 287 471 287 472 287 480 280 496 284 497 284 497 284 498 284 499 284 506 279 584 283 584 283 624 277 624 270 623 248 604 244 604 244 603 244 602 244 602 245 598 248 596 250 566 250 555 249 538 245 537 245 536 245 521 249 512 251 506 249 497 246 496 246 495 246 494 246 483 250 474 252 450 250 414 246 413 246 382 250 366 253 359 251 353 249 352 249 351 249 321 251 289 255 279 252 272 250 271 250 271 250 270 250 269 250 267 252 264 255 226 255 218 253 207 250 206 250 205 250 205 250 196 253 190 256 151 256 147 254 142 250 141 250 140 250 139 250 87 251 86 251 80 255 76 257 68 255 55 251 54 251 53 251 53 251 42 255 43 276"/></Shape>
	    <String CONTENT="iugij. Etſi verò præcipuus confutationis locus à"
                    HPOS="42.0"
                    VPOS="244.0"
                    WIDTH="582.0"
                    HEIGHT="48.0"
                    WC="0.9882741010189057"></String>
          </TextLine>
          <TextLine ID="line_7"
                    TAGREFS="LT275"
                    BASELINE="42 308 448 302 620 303" 
                    HPOS="41.0"
                    VPOS="278.0"
                    WIDTH="579.0"
                    HEIGHT="43.0">
            <Shape><Polygon POINTS="42 308 42 320 83 321 84 321 85 321 90 320 101 316 131 319 147 320 148 320 148 320 154 319 168 315 220 318 222 318 222 318 223 318 242 314 279 318 293 319 294 319 295 319 300 317 316 313 347 317 357 318 358 318 358 318 361 317 370 312 430 316 438 316 439 316 440 316 440 316 448 312 468 316 472 316 473 316 473 316 476 316 494 311 512 316 514 316 514 316 515 316 518 316 548 310 618 314 620 303 619 282 508 278 507 278 506 278 496 282 495 282 484 278 483 278 482 278 461 282 452 283 413 282 366 280 366 280 365 280 361 282 354 285 325 283 318 282 317 282 302 283 232 286 209 283 203 282 202 282 193 283 154 287 111 283 105 283 104 283 103 283 102 283 102 283 97 288 41 283 42 308"/></Shape>
	    <String CONTENT="fine ducitur, alia tamen argumenta admiſcentur,"
                    HPOS="41.0"
                    VPOS="278.0"
                    WIDTH="579.0"
                    HEIGHT="43.0"
                    WC="0.9944660004149092"></String>
          </TextLine>
          <TextLine ID="line_8"
                    TAGREFS="LT275"
                    BASELINE="45 341 461 334 621 335" 
                    HPOS="44.0"
                    VPOS="308.0"
                    WIDTH="577.0"
                    HEIGHT="48.0">
            <Shape><Polygon POINTS="45 341 45 349 55 355 56 355 57 356 99 356 99 355 126 351 153 354 154 354 155 354 168 349 172 348 178 349 209 353 210 353 234 349 241 347 259 348 308 352 308 352 309 352 310 352 316 348 319 346 325 348 338 351 339 351 340 351 341 351 341 351 346 348 349 346 359 348 375 349 376 349 400 347 434 344 448 347 460 349 461 350 485 350 485 349 486 349 493 346 500 343 529 346 531 346 532 346 534 346 568 342 580 346 586 348 587 348 588 348 588 348 589 348 592 346 599 341 620 345 621 335 620 313 543 308 543 308 503 308 502 308 487 314 477 310 476 310 475 310 450 315 423 311 422 311 421 311 406 316 379 310 378 310 378 310 356 316 307 312 306 312 305 312 288 317 271 312 270 312 269 312 186 319 160 313 160 313 159 313 135 320 106 314 105 314 104 314 103 314 103 315 96 320 96 321 44 321 45 341"/></Shape>
	    <String CONTENT="quæ ſingulis penè Pauli verbis comprehẽſa ſunt."
                    HPOS="44.0"
                    VPOS="308.0"
                    WIDTH="577.0"
                    HEIGHT="48.0"
                    WC="0.9988554874245001"></String>
          </TextLine>
          <TextLine ID="line_9"
                    TAGREFS="LT275"
                    BASELINE="45 374 455 366 621 367" 
                    HPOS="44.0"
                    VPOS="340.0"
                    WIDTH="577.0"
                    HEIGHT="45.0">
            <Shape><Polygon POINTS="45 374 45 380 90 385 91 385 92 385 102 380 102 380 106 380 150 384 151 384 152 384 152 384 157 380 159 379 168 380 210 383 211 383 233 379 235 379 252 379 329 381 330 381 331 381 336 378 341 377 621 377 621 367 620 347 588 347 587 347 577 340 576 340 576 340 557 340 556 340 555 340 535 348 522 341 521 341 489 341 488 341 487 341 469 349 468 349 467 349 433 341 432 341 399 342 398 342 397 342 391 347 367 344 366 344 366 344 365 344 360 348 346 343 345 343 345 343 344 343 325 350 314 345 313 345 312 345 270 351 265 353 245 353 244 352 235 345 234 345 234 345 233 345 232 345 231 345 221 352 208 348 207 348 206 348 205 348 197 353 195 353 154 353 145 353 98 349 97 349 78 353 53 347 53 347 52 347 51 347 50 347 44 352 45 374"/></Shape>
	    <String CONTENT="Hæc autem optima erroris cuiuſuis tollendi via,"
                    HPOS="44.0"
                    VPOS="340.0"
                    WIDTH="577.0"
                    HEIGHT="45.0"
                    WC="0.9851213249754398"></String>
          </TextLine>
          <TextLine ID="line_10"
                    TAGREFS="LT275"
                    BASELINE="44 408 401 400 624 399" 
                    HPOS="43.0"
                    VPOS="373.0"
                    WIDTH="581.0"
                    HEIGHT="47.0">
            <Shape><Polygon POINTS="44 408 44 420 68 416 142 419 147 419 148 419 148 419 149 419 154 415 168 419 169 419 170 419 171 419 172 419 172 419 181 414 251 417 263 417 263 417 264 417 267 416 284 412 304 416 307 416 308 416 314 415 355 411 414 414 418 414 419 414 420 414 441 409 623 410 624 399 621 375 598 378 580 375 561 373 560 373 559 373 559 373 555 376 551 380 518 380 505 377 493 374 493 374 492 374 491 374 490 374 485 377 480 381 467 378 456 374 455 374 454 374 453 374 447 378 441 381 434 378 432 378 432 378 431 378 424 378 393 382 371 379 352 376 351 376 350 376 342 379 333 384 305 385 285 385 279 381 274 378 273 378 272 378 271 378 232 378 231 378 225 382 217 386 205 382 198 379 197 379 197 379 196 379 188 382 181 384 168 382 149 380 148 380 148 380 142 383 135 386 128 383 124 381 123 381 123 381 102 383 74 387 66 384 61 382 60 382 59 382 43 384 44 408"/></Shape>
	    <String CONTENT="&amp; ratio eſt, ſi ad Dei ordinationem &amp; verbum"
                    HPOS="43.0"
                    VPOS="373.0"
                    WIDTH="581.0"
                    HEIGHT="47.0"
                    WC="0.9978084320371802"></String>
          </TextLine>
          <TextLine ID="line_11"
                    TAGREFS="LT275"
                    BASELINE="44 439 625 430" 
                    HPOS="43.0"
                    VPOS="407.0"
                    WIDTH="582.0"
                    HEIGHT="44.0">
            <Shape><Polygon POINTS="44 439 44 446 95 451 96 451 97 451 107 445 109 445 119 445 192 449 193 449 193 449 194 449 201 444 202 444 211 444 251 448 251 448 307 448 308 448 320 443 324 442 330 443 354 447 355 447 356 447 357 447 357 446 361 443 362 442 374 442 435 445 436 445 436 445 452 441 453 441 459 441 510 444 510 444 511 444 518 440 520 440 522 440 528 444 529 444 530 444 625 439 625 430 622 411 526 411 493 407 492 407 491 407 477 412 477 413 430 413 428 413 414 407 413 407 412 407 331 409 330 409 329 409 324 414 322 415 313 414 288 411 288 411 267 414 253 417 178 417 175 415 171 411 170 411 169 411 152 411 151 411 150 411 149 411 149 412 146 415 143 418 122 415 97 412 96 412 43 415 44 439"/></Shape>
	    <String CONTENT="noſtras ſententias &amp; definitiones reuocemus."
                    HPOS="43.0"
                    VPOS="407.0"
                    WIDTH="582.0"
                    HEIGHT="44.0"
                    WC="0.9988466392863881"></String>
          </TextLine>
          <TextLine ID="line_12"
                    TAGREFS="LT275"
                    BASELINE="47 471 625 463" 
                    HPOS="46.0"
                    VPOS="437.0"
                    WIDTH="579.0"
                    HEIGHT="50.0">
            <Shape><Polygon POINTS="47 471 47 479 61 486 62 486 63 487 104 487 104 486 163 481 218 485 219 485 243 479 246 478 247 479 252 483 252 484 253 484 254 484 255 485 278 485 278 484 279 484 290 479 296 476 337 476 378 476 383 479 385 480 386 480 386 480 387 480 395 479 414 476 421 479 427 481 428 481 429 481 443 479 465 473 517 473 528 479 531 480 532 480 533 480 546 478 598 473 625 478 625 463 624 444 576 437 575 437 574 437 573 437 564 444 510 438 510 438 509 438 488 444 400 440 399 440 399 440 398 440 387 447 386 448 349 448 345 448 327 441 326 441 325 441 325 441 308 448 308 448 305 448 249 442 248 442 247 442 222 448 218 449 211 448 156 444 155 444 154 444 141 449 133 444 132 444 131 444 109 444 108 444 107 444 106 444 97 450 95 451 90 450 60 444 59 444 58 444 46 449 47 471"/></Shape>
	    <String CONTENT="Quod ipſum in diſputatione de Cœna facit alibi"
                    HPOS="46.0"
                    VPOS="437.0"
                    WIDTH="579.0"
                    HEIGHT="50.0"
                    WC="0.9952448140019956"></String>
          </TextLine>
          <TextLine ID="line_13"
                    TAGREFS="LT275"
                    BASELINE="44 505 624 493" 
                    HPOS="43.0"
                    VPOS="471.0"
                    WIDTH="581.0"
                    HEIGHT="46.0">
            <Shape><Polygon POINTS="44 505 44 517 209 517 209 516 210 516 211 516 211 515 214 512 217 510 236 512 275 514 276 514 277 514 285 510 288 509 333 508 343 509 374 513 374 513 423 507 431 506 438 506 498 510 499 510 500 510 514 505 598 506 599 506 624 501 624 493 621 475 492 477 489 477 479 471 478 471 452 471 452 471 427 476 399 473 398 473 397 473 396 473 390 477 388 478 380 477 333 473 333 473 332 473 331 473 325 478 321 481 315 478 301 474 300 474 300 474 299 474 288 479 283 481 271 479 246 475 245 475 244 475 234 480 233 480 230 480 206 476 205 476 205 476 195 480 189 483 183 480 176 477 176 477 175 477 174 477 162 481 150 484 123 481 99 478 98 478 98 478 90 481 78 485 66 481 57 479 57 479 56 479 43 481 44 505"/></Shape>
	    <String CONTENT="Paulus 1.Corinth.11. Sed ſingula verba examine¬"
                    HPOS="43.0"
                    VPOS="471.0"
                    WIDTH="581.0"
                    HEIGHT="46.0"
                    WC="0.9937214699197323"></String>
          </TextLine>
          <TextLine ID="line_14"
                    TAGREFS="LT275"
                    BASELINE="43 537 625 527" 
                    HPOS="42.0"
                    VPOS="505.0"
                    WIDTH="583.0"
                    HEIGHT="47.0">
            <Shape><Polygon POINTS="43 537 43 550 110 552 111 552 201 547 229 546 237 547 283 552 284 552 311 551 312 551 312 551 320 545 321 543 333 543 337 544 352 551 353 551 353 551 456 544 467 549 468 549 469 549 576 547 624 538 625 527 622 508 506 510 498 509 478 505 477 505 406 509 356 512 327 510 305 508 304 508 293 510 273 514 254 510 245 509 244 509 227 510 203 513 190 510 184 510 183 510 182 510 181 510 181 510 174 514 144 511 135 510 135 510 126 511 74 517 42 512 43 537"/></Shape>
	    <String CONTENT="mus. Nam in iis varia latent argumenta, quem¬"
                    HPOS="42.0"
                    VPOS="505.0"
                    WIDTH="583.0"
                    HEIGHT="47.0"
                    WC="0.9886809084150526"></String>
          </TextLine>
          <TextLine ID="line_15"
                    TAGREFS="LT275"
                    BASELINE="43 569 284 565" 
                    HPOS="42.0"
                    VPOS="541.0"
                    WIDTH="242.0"
                    HEIGHT="43.0">
            <Shape><Polygon POINTS="43 569 43 579 76 584 77 584 283 575 284 565 283 548 250 541 249 541 248 541 235 547 234 548 229 547 197 542 196 542 183 543 182 543 181 543 181 543 177 547 175 549 167 547 147 543 146 543 123 543 123 543 122 543 122 544 119 547 116 549 106 547 94 544 93 544 92 544 91 544 89 547 86 548 83 547 78 544 78 544 77 544 42 546 43 569"/></Shape>
	    <String CONTENT="admodum diximus."
                    HPOS="42.0"
                    VPOS="541.0"
                    WIDTH="242.0"
                    HEIGHT="43.0"
                    WC="0.9999763742089272"></String>
          </TextLine>
          <TextLine ID="line_16"
                    TAGREFS="LT275"
                    BASELINE="73 602 625 592" 
                    HPOS="72.0"
                    VPOS="566.0"
                    WIDTH="553.0"
                    HEIGHT="49.0">
            <Shape><Polygon POINTS="73 602 74 615 80 611 99 614 104 615 105 615 142 614 143 614 144 614 148 610 156 613 157 614 158 614 159 614 160 614 161 613 168 610 230 612 240 612 241 612 242 612 242 612 246 609 251 612 251 612 252 612 253 612 300 612 301 612 302 612 302 611 308 605 492 603 624 606 625 592 624 573 580 566 579 566 532 574 531 575 520 575 492 575 478 568 477 568 477 568 432 575 431 575 430 575 409 569 408 569 407 569 407 569 381 576 372 570 371 570 370 570 350 570 349 570 349 570 334 576 319 573 318 573 269 577 257 571 256 571 255 571 210 575 209 575 209 575 209 575 205 579 204 580 201 579 175 574 174 574 173 574 172 574 164 580 162 580 161 580 156 577 155 577 154 577 115 580 104 581 102 580 86 575 85 575 84 575 83 575 72 580 73 602"/></Shape>
	    <String CONTENT="Deus creauit) Locus refutationis à temeritate"
                    HPOS="72.0"
                    VPOS="566.0"
                    WIDTH="553.0"
                    HEIGHT="49.0"
                    WC="0.9994279586750529"></String>
          </TextLine>
          <TextLine ID="line_17"
                    TAGREFS="LT275"
                    BASELINE="43 634 623 625" 
                    HPOS="42.0"
                    VPOS="600.0"
                    WIDTH="581.0"
                    HEIGHT="49.0">
            <Shape><Polygon POINTS="43 634 43 643 65 649 66 649 137 647 138 647 156 642 184 647 185 647 185 647 201 642 315 645 316 645 316 645 333 639 380 644 381 644 424 643 425 643 436 637 524 640 525 640 623 633 623 625 621 605 567 606 564 605 551 600 551 600 550 600 549 600 527 605 520 608 479 608 475 605 465 601 464 601 463 601 439 605 435 606 434 605 425 601 424 601 423 601 423 601 411 606 404 608 395 606 380 603 379 603 362 606 352 608 343 606 328 603 327 603 326 603 320 606 316 608 312 606 309 604 308 604 308 604 307 604 306 604 305 604 302 606 298 608 238 607 238 607 237 607 236 607 228 612 186 607 185 607 184 607 183 607 182 607 182 608 177 612 162 612 147 607 144 606 144 606 143 606 142 606 139 607 117 613 101 607 100 607 99 607 98 607 98 607 97 607 80 612 73 608 72 608 71 608 42 608 43 634"/></Shape>
	    <String CONTENT="iſtorum hominum &amp; à ſacrilegij crimine. Nemo"
                    HPOS="42.0"
                    VPOS="600.0"
                    WIDTH="581.0"
                    HEIGHT="49.0"
                    WC="0.9839703387684292"></String>
          </TextLine>
          <TextLine ID="line_18"
                    TAGREFS="LT275"
                    BASELINE="43 668 625 658" 
                    HPOS="42.0"
                    VPOS="632.0"
                    WIDTH="583.0"
                    HEIGHT="48.0">
            <Shape><Polygon POINTS="43 668 43 675 69 680 69 680 70 680 88 675 140 679 141 679 173 674 187 678 188 678 189 678 189 678 200 674 306 677 307 677 382 675 383 675 400 670 411 674 412 674 413 675 445 675 445 674 446 674 468 669 533 671 534 671 625 665 625 658 623 637 600 632 599 632 598 632 587 637 547 637 535 633 534 633 534 633 490 639 489 639 488 639 446 634 445 634 396 641 394 641 391 641 317 637 316 637 316 637 315 637 308 641 250 638 249 638 219 642 149 640 148 640 148 640 133 645 131 645 123 645 80 642 79 642 78 642 69 646 67 646 66 646 49 641 49 641 48 641 47 641 46 641 42 644 43 668"/></Shape>
	    <String CONTENT="inrem alienam, &amp; præſertim Dei, ius habet. At"
                    HPOS="42.0"
                    VPOS="632.0"
                    WIDTH="583.0"
                    HEIGHT="48.0"
                    WC="0.9903273913595412"></String>
          </TextLine>
          <TextLine ID="line_19"
                    TAGREFS="LT275"
                    BASELINE="44 700 625 691" 
                    HPOS="43.0"
                    VPOS="664.0"
                    WIDTH="582.0"
                    HEIGHT="47.0">
            <Shape><Polygon POINTS="44 700 44 707 156 706 158 707 164 711 164 711 165 711 166 711 227 711 227 711 228 711 237 706 238 705 248 706 284 710 285 710 286 710 300 706 305 704 313 706 333 709 333 709 334 709 345 705 354 703 370 705 384 707 385 708 430 708 430 707 431 707 432 707 436 705 442 701 460 705 466 706 467 706 477 704 494 702 500 704 503 706 504 706 505 706 547 705 548 705 549 705 550 704 559 699 581 699 624 703 625 691 624 670 616 665 615 665 614 665 613 665 613 665 598 670 576 664 576 664 575 664 574 664 573 664 564 671 522 671 502 666 501 666 500 666 499 666 477 673 430 673 410 667 409 667 408 667 380 674 318 674 311 670 310 670 309 670 308 670 284 675 265 670 264 670 263 670 221 674 198 670 197 670 197 670 185 675 152 671 152 671 126 676 91 672 90 672 43 679 44 700"/></Shape>
	    <String CONTENT="cibi ſunt Dei creaturæ, non iſtorum. Ergo Deï"
                    HPOS="43.0"
                    VPOS="664.0"
                    WIDTH="582.0"
                    HEIGHT="47.0"
                    WC="0.9978226526923801"></String>
          </TextLine>
          <TextLine ID="line_20"
                    TAGREFS="LT275"
                    BASELINE="44 732 625 723" 
                    HPOS="43.0"
                    VPOS="697.0"
                    WIDTH="582.0"
                    HEIGHT="47.0">
            <Shape><Polygon POINTS="44 732 44 740 94 744 95 744 143 740 152 739 168 739 253 742 254 742 315 737 327 736 350 736 465 739 465 739 624 732 625 723 624 702 613 697 613 697 612 697 611 697 610 697 603 702 601 703 568 703 565 703 552 699 551 699 551 699 550 699 541 703 539 704 493 704 491 704 474 699 473 699 473 699 394 706 390 706 389 706 373 700 372 700 371 700 337 706 308 701 308 701 307 701 283 707 264 702 263 702 263 702 219 707 202 703 201 703 201 703 180 710 160 710 151 703 150 703 149 703 148 703 148 703 129 711 94 711 62 705 61 705 61 705 43 711 44 732"/></Shape>
	    <String CONTENT="eſt, non horum, leges de cibis præſcribere. Et qui"
                    HPOS="43.0"
                    VPOS="697.0"
                    WIDTH="582.0"
                    HEIGHT="47.0"
                    WC="0.9978578436374664"></String>
          </TextLine>
          <TextLine ID="line_21"
                    TAGREFS="LT275"
                    BASELINE="44 764 624 755" 
                    HPOS="43.0"
                    VPOS="731.0"
                    WIDTH="581.0"
                    HEIGHT="46.0">
            <Shape><Polygon POINTS="44 764 44 772 148 777 148 777 149 777 150 777 156 772 158 771 178 772 253 776 254 776 303 775 304 775 313 772 321 769 329 771 338 774 339 774 340 774 369 771 388 769 394 771 400 773 401 773 402 773 403 773 407 771 415 767 445 767 458 771 463 773 464 773 465 773 478 771 518 765 530 770 530 770 531 770 532 770 533 770 539 765 559 769 559 769 560 769 572 765 623 770 624 755 623 736 615 731 614 731 613 731 613 731 550 736 543 731 542 731 541 731 524 731 523 731 522 731 522 731 514 738 415 738 403 733 403 733 402 733 362 739 356 734 355 734 354 734 320 734 319 734 285 740 283 740 280 740 218 736 217 736 216 736 215 736 208 741 197 736 197 736 196 736 195 736 180 742 178 742 172 736 171 736 170 736 150 736 149 736 148 736 148 736 142 741 101 737 100 737 99 737 98 737 98 738 94 743 92 744 90 743 77 738 76 738 75 738 43 743 44 764"/></Shape>
	    <String CONTENT="aliter faciunt, ingerunt ſe in aliena quæ ad eos nõ"
                    HPOS="43.0"
                    VPOS="731.0"
                    WIDTH="581.0"
                    HEIGHT="46.0"
                    WC="0.9954064740584447"></String>
          </TextLine>
          <TextLine ID="line_22"
                    TAGREFS="LT275"
                    BASELINE="45 797 623 787" 
                    HPOS="44.0"
                    VPOS="762.0"
                    WIDTH="579.0"
                    HEIGHT="49.0">
            <Shape><Polygon POINTS="45 797 45 811 74 806 96 810 97 810 100 810 179 810 179 810 180 810 185 808 194 805 211 807 226 809 227 809 228 809 234 806 244 802 264 806 281 808 282 808 283 808 290 805 296 802 303 805 308 807 309 807 310 807 334 803 353 801 361 802 374 806 375 806 376 806 435 801 453 799 458 800 476 805 477 805 477 805 509 799 518 802 519 802 520 802 521 802 522 802 526 798 528 798 563 798 567 798 579 802 580 802 580 802 623 795 623 787 621 769 588 769 575 762 574 762 573 762 485 770 477 771 473 771 440 765 440 765 418 765 417 765 416 765 411 770 384 765 383 765 382 765 363 770 313 767 312 767 288 773 281 774 271 773 237 768 236 768 235 768 219 773 214 775 205 773 178 769 177 769 176 769 167 774 163 776 44 776 45 797"/></Shape>
	    <String CONTENT="pertinent, de quibus nullum ius habent definien¬"
                    HPOS="44.0"
                    VPOS="762.0"
                    WIDTH="579.0"
                    HEIGHT="49.0"
                    WC="0.9987149598697821"></String>
          </TextLine>
          <TextLine ID="line_23"
                    TAGREFS="LT275"
                    BASELINE="43 830 625 819" 
                    HPOS="42.0"
                    VPOS="794.0"
                    WIDTH="583.0"
                    HEIGHT="49.0">
            <Shape><Polygon POINTS="43 830 43 838 65 838 73 843 74 843 74 843 75 843 76 843 91 837 94 835 161 835 164 836 168 839 168 839 169 839 170 839 171 839 183 836 188 835 193 836 220 840 221 840 222 840 237 835 242 835 251 835 269 839 270 839 288 835 294 835 337 835 433 836 434 836 452 834 489 829 513 834 520 835 521 835 567 834 572 833 597 827 624 832 625 819 623 797 584 794 583 794 582 794 581 794 576 798 573 799 559 798 534 795 533 795 532 795 531 795 531 796 528 798 526 801 508 799 493 798 493 798 492 798 488 799 482 802 473 800 459 797 458 797 437 801 430 802 427 801 419 798 418 798 417 798 370 802 362 802 352 802 275 800 274 800 245 805 238 806 231 805 200 802 199 802 174 806 168 807 155 806 86 803 86 803 85 803 84 803 78 808 59 804 58 804 57 804 42 808 43 830"/></Shape>
	    <String CONTENT="di &amp; ſtatuendi, vt ait Paulus Coloſſ.2. verſ.18. Eſt"
                    HPOS="42.0"
                    VPOS="794.0"
                    WIDTH="583.0"
                    HEIGHT="49.0"
                    WC="0.9871743298493899"></String>
          </TextLine>
          <TextLine ID="line_24"
                    TAGREFS="LT275"
                    BASELINE="44 862 624 853" 
                    HPOS="43.0"
                    VPOS="830.0"
                    WIDTH="581.0"
                    HEIGHT="46.0">
            <Shape><Polygon POINTS="44 862 44 871 57 876 57 876 58 876 193 874 193 874 194 874 202 868 204 867 209 868 230 872 231 872 279 867 287 867 289 867 305 872 306 872 307 872 340 866 342 866 343 866 355 872 356 872 357 872 358 872 358 872 358 871 359 871 362 867 400 869 401 869 402 869 411 865 413 864 425 865 499 869 500 869 623 861 624 853 621 831 576 834 564 832 549 830 548 830 532 833 521 835 509 833 491 830 490 830 469 834 454 836 442 835 426 831 425 831 424 831 415 835 409 837 390 835 359 832 358 832 337 836 328 838 321 836 308 833 307 833 306 833 305 833 294 837 289 839 271 837 236 835 235 835 234 835 234 835 230 838 227 840 201 840 185 839 148 835 148 835 147 835 146 835 139 840 136 842 95 842 92 841 86 837 86 837 85 837 56 837 55 837 54 837 43 841 44 862"/></Shape>
	    <String CONTENT="enim quiſque rei tantùm ſuæ, non autem alienæ"
                    HPOS="43.0"
                    VPOS="830.0"
                    WIDTH="581.0"
                    HEIGHT="46.0"
                    WC="0.9968369434709135"></String>
          </TextLine>
          <TextLine ID="line_25"
                    TAGREFS="LT275"
                    BASELINE="44 893 623 886" 
                    HPOS="43.0"
                    VPOS="861.0"
                    WIDTH="580.0"
                    HEIGHT="47.0">
            <Shape><Polygon POINTS="44 893 44 903 107 908 108 908 164 907 165 907 176 902 182 900 199 902 235 906 236 906 275 901 301 899 320 901 342 905 343 905 390 900 437 897 456 900 470 903 471 903 472 903 477 900 483 898 497 900 511 902 512 902 513 902 518 900 526 896 621 899 623 886 621 861 583 863 582 863 581 863 574 867 465 863 453 863 452 863 414 863 413 863 412 863 402 868 383 864 379 863 378 863 378 863 376 864 363 872 346 872 338 864 337 864 337 864 315 864 314 864 313 864 312 865 299 872 226 872 217 867 216 867 215 867 214 867 199 873 69 874 58 868 56 867 55 867 54 867 43 868 44 893"/></Shape>
	    <String CONTENT="legitimus moderator. Hinc ſanè refutantur varij"
                    HPOS="43.0"
                    VPOS="861.0"
                    WIDTH="580.0"
                    HEIGHT="47.0"
                    WC="0.9978049620985985"></String>
          </TextLine>
          <TextLine ID="line_26"
                    TAGREFS="LT275"
                    BASELINE="44 927 625 917" 
                    HPOS="43.0"
                    VPOS="892.0"
                    WIDTH="582.0"
                    HEIGHT="49.0">
            <Shape><Polygon POINTS="44 927 44 936 90 941 91 941 135 935 140 935 145 935 174 939 175 939 233 934 249 933 320 933 323 933 332 937 333 937 333 937 334 937 341 933 344 932 377 933 429 935 430 935 442 933 449 931 469 932 493 933 493 933 494 933 495 933 497 932 501 929 509 932 514 933 515 933 516 933 555 933 556 933 557 933 559 931 561 929 567 931 572 933 572 933 573 933 625 930 625 917 622 893 592 897 587 893 586 892 585 892 584 892 584 892 526 893 526 893 525 893 523 894 516 900 489 900 415 896 403 896 403 896 402 896 399 896 380 903 345 900 345 900 344 900 332 905 288 905 272 898 271 898 271 898 270 898 269 898 268 898 259 905 193 901 192 901 139 907 104 903 103 903 75 908 43 902 44 927"/></Shape>
	    <String CONTENT="hæretici, quorum alii vinum, alij carnes, alij aliud"
                    HPOS="43.0"
                    VPOS="892.0"
                    WIDTH="582.0"
                    HEIGHT="49.0"
                    WC="0.9902481115781344"></String>
          </TextLine>
          <TextLine ID="line_27"
                    TAGREFS="LT275"
                    BASELINE="43 958 625 950" 
                    HPOS="42.0"
                    VPOS="926.0"
                    WIDTH="583.0"
                    HEIGHT="44.0">
            <Shape><Polygon POINTS="43 958 43 966 77 970 78 970 78 970 79 970 86 966 148 970 149 970 150 970 159 965 160 965 162 965 195 969 196 969 215 964 218 964 226 964 271 967 272 967 316 963 321 963 322 963 329 967 330 967 331 967 332 967 341 963 344 962 350 963 377 966 378 966 435 966 436 966 448 962 453 961 462 962 483 965 484 965 510 962 522 960 624 960 625 950 623 932 610 932 609 932 603 926 602 926 601 926 600 926 563 933 558 933 548 933 456 928 455 928 428 929 427 929 427 929 418 934 417 935 378 935 375 935 349 929 349 929 348 929 325 936 323 937 247 937 201 937 194 932 193 932 193 932 192 932 166 936 153 932 152 932 152 932 96 933 95 933 94 933 94 933 90 937 58 933 57 933 57 933 42 938 43 958"/></Shape>
	    <String CONTENT="eſſe Diaboli, non autem Dei opus &amp; creaturam"
                    HPOS="42.0"
                    VPOS="926.0"
                    WIDTH="583.0"
                    HEIGHT="44.0"
                    WC="0.9867199090394106"></String>
          </TextLine>
          <TextLine ID="line_28"
                    TAGREFS="LT275"
                    BASELINE="45 991 512 985" 
                    HPOS="45.0"
                    VPOS="960.0"
                    WIDTH="467.0"
                    HEIGHT="47.0">
            <Shape><Polygon POINTS="45 991 45 1007 119 999 142 1006 143 1006 144 1006 144 1007 178 1007 178 1006 185 1004 217 997 275 997 292 1002 300 1004 300 1004 301 1004 302 1004 303 1004 306 1002 312 999 319 1002 324 1003 325 1003 325 1003 326 1003 327 1003 327 1003 329 1001 334 996 349 1001 358 1003 358 1003 359 1003 360 1003 372 1000 392 995 431 999 439 999 440 999 440 999 441 999 441 999 446 995 481 995 489 998 500 1002 501 1002 502 1002 502 1002 512 997 512 985 511 966 496 961 495 961 494 961 467 966 447 960 446 960 445 960 444 960 421 966 421 967 355 967 353 967 314 962 313 962 312 962 298 967 297 968 296 967 283 962 283 962 246 962 245 962 208 968 201 970 146 970 142 969 127 964 126 964 125 964 124 964 114 969 110 970 106 969 97 965 96 965 95 965 45 969 45 991"/></Shape>
	    <String CONTENT="peſſimè atque falſiſſimè contendebant."
                    HPOS="45.0"
                    VPOS="960.0"
                    WIDTH="467.0"
                    HEIGHT="47.0"
                    WC="0.9895238861441612"></String>
          </TextLine>
          <TextLine ID="line_29"
                    TAGREFS="LT275"
                    BASELINE="76 1025 623 1014" 
                    HPOS="75.0"
                    VPOS="989.0"
                    WIDTH="548.0"
                    HEIGHT="48.0">
            <Shape><Polygon POINTS="76 1025 76 1034 114 1037 115 1037 152 1033 168 1032 176 1033 192 1036 193 1036 241 1032 279 1029 294 1031 308 1033 309 1033 328 1031 351 1028 393 1030 417 1031 418 1031 419 1031 419 1031 422 1029 427 1026 442 1029 448 1030 449 1030 462 1028 493 1025 501 1028 504 1029 505 1029 506 1029 522 1028 567 1024 622 1026 623 1014 621 995 585 989 584 989 584 989 567 995 550 990 549 990 548 990 547 990 547 990 539 995 506 992 506 992 505 992 489 996 466 991 465 991 465 991 447 996 381 994 380 994 379 994 362 999 350 994 349 994 349 994 321 999 312 995 312 995 311 995 310 995 296 1000 259 996 258 996 222 1002 205 997 204 997 203 997 153 1003 115 999 114 999 75 1005 76 1025"/></Shape>
	    <String CONTENT="Ad participandum) Ait Paulus ἐις μετδ λ̓ηαιν."
                    HPOS="75.0"
                    VPOS="989.0"
                    WIDTH="548.0"
                    HEIGHT="48.0"
                    WC="0.9874953342520673"></String>
          </TextLine>
          <TextLine ID="line_30"
                    TAGREFS="LT275"
                    BASELINE="47 1057 625 1047" 
                    HPOS="46.0"
                    VPOS="1023.0"
                    WIDTH="579.0"
                    HEIGHT="47.0">
            <Shape><Polygon POINTS="47 1057 47 1065 83 1070 84 1070 109 1069 110 1069 111 1069 117 1065 118 1064 119 1065 127 1069 128 1069 129 1069 160 1065 190 1069 191 1069 229 1068 230 1068 246 1062 253 1067 254 1067 255 1067 255 1068 279 1068 279 1067 280 1067 291 1061 292 1061 338 1060 356 1060 375 1060 381 1065 382 1065 382 1065 383 1065 419 1065 419 1065 439 1058 440 1058 443 1058 504 1063 505 1063 506 1063 528 1057 540 1061 541 1061 542 1061 625 1054 625 1047 624 1028 595 1023 594 1023 593 1023 576 1028 575 1028 572 1028 533 1024 532 1024 531 1024 513 1028 510 1029 500 1028 452 1025 452 1025 451 1025 437 1029 430 1031 419 1029 400 1026 399 1026 399 1026 389 1029 382 1032 374 1029 364 1027 363 1027 362 1027 362 1027 361 1027 358 1029 355 1032 339 1030 320 1028 320 1028 319 1028 314 1030 308 1032 296 1030 291 1029 290 1029 289 1029 288 1029 288 1030 288 1030 284 1034 259 1034 252 1030 248 1028 247 1028 246 1028 246 1028 239 1030 226 1034 204 1030 195 1029 194 1029 193 1029 193 1029 193 1030 192 1031 188 1035 141 1036 114 1031 111 1031 111 1031 106 1031 68 1035 46 1032 47 1057"/></Shape>
	    <String CONTENT="vox ἐις finem declarat. Μετάληδις vſum, more di¬"
                    HPOS="46.0"
                    VPOS="1023.0"
                    WIDTH="579.0"
                    HEIGHT="47.0"
                    WC="0.9885172891616821"></String>
          </TextLine>
          <TextLine ID="line_31"
                    TAGREFS="LT275"
                    BASELINE="45 1090 627 1081" 
                    HPOS="45.0"
                    VPOS="1055.0"
                    WIDTH="582.0"
                    HEIGHT="49.0">
            <Shape><Polygon POINTS="45 1090 45 1102 69 1098 82 1101 94 1104 95 1104 96 1104 104 1101 110 1098 121 1100 135 1102 135 1102 136 1102 142 1100 145 1098 159 1099 190 1102 191 1102 192 1102 201 1098 208 1096 217 1098 230 1102 230 1102 231 1102 309 1101 310 1101 330 1096 337 1094 352 1095 409 1099 410 1099 411 1099 425 1094 428 1093 444 1093 495 1095 496 1095 518 1091 522 1091 551 1091 564 1097 565 1097 566 1097 627 1089 627 1081 626 1061 613 1055 613 1055 612 1055 611 1055 596 1060 573 1055 572 1055 477 1062 469 1057 468 1057 467 1057 466 1057 424 1057 423 1057 411 1064 410 1065 346 1065 345 1065 326 1059 325 1059 325 1059 324 1059 308 1065 307 1065 306 1065 292 1061 292 1061 291 1061 253 1065 248 1061 247 1061 246 1061 246 1061 218 1065 204 1061 203 1061 202 1061 201 1061 201 1061 191 1067 190 1067 185 1067 99 1062 98 1062 98 1062 97 1062 97 1063 90 1069 90 1069 88 1069 58 1065 57 1065 57 1065 45 1069 45 1090"/></Shape>
	    <String CONTENT="cendi in quauis lingua vſitato, vt etiam in Odyſ¬"
                    HPOS="45.0"
                    VPOS="1055.0"
                    WIDTH="582.0"
                    HEIGHT="49.0"
                    WC="0.9904113691680285"></String>
          </TextLine>
          <TextLine ID="line_32"
                    TAGREFS="LT275"
                    BASELINE="45 1123 625 1113" 
                    HPOS="44.0"
                    VPOS="1089.0"
                    WIDTH="581.0"
                    HEIGHT="46.0">
            <Shape><Polygon POINTS="45 1123 45 1129 91 1135 92 1135 93 1135 94 1135 98 1131 185 1133 186 1133 267 1128 322 1131 323 1131 324 1131 335 1126 337 1125 345 1126 376 1130 377 1130 378 1130 388 1125 390 1124 399 1125 429 1129 430 1129 431 1129 440 1124 444 1123 448 1124 460 1128 461 1128 462 1128 463 1128 476 1124 481 1123 485 1124 496 1127 497 1127 497 1127 519 1123 530 1122 625 1122 625 1113 625 1094 605 1089 604 1089 604 1089 603 1089 602 1089 594 1094 593 1095 494 1096 492 1095 481 1090 480 1090 479 1090 478 1090 477 1090 469 1095 467 1097 421 1098 386 1095 325 1091 325 1091 298 1096 275 1100 256 1096 243 1094 242 1094 226 1096 218 1098 210 1096 195 1094 194 1094 193 1094 185 1097 168 1102 148 1102 138 1097 133 1094 132 1094 131 1094 108 1097 93 1098 89 1097 84 1095 83 1095 82 1095 82 1095 81 1095 81 1096 79 1097 76 1100 44 1098 45 1123"/></Shape>
	    <String CONTENT="ſeam Homeri annotat Didymus interpres anti¬"
                    HPOS="44.0"
                    VPOS="1089.0"
                    WIDTH="581.0"
                    HEIGHT="46.0"
                    WC="0.9842442897863166"></String>
          </TextLine>
          <TextLine ID="line_33"
                    TAGREFS="LT275"
                    BASELINE="45 1155 627 1146" 
                    HPOS="44.0"
                    VPOS="1120.0"
                    WIDTH="583.0"
                    HEIGHT="48.0">
            <Shape><Polygon POINTS="45 1155 45 1163 52 1168 53 1168 53 1168 54 1168 88 1168 88 1168 89 1168 90 1168 98 1162 119 1166 120 1166 139 1162 148 1167 148 1167 149 1167 150 1167 221 1161 248 1165 249 1165 301 1161 356 1164 357 1164 388 1158 441 1162 442 1162 469 1156 469 1156 470 1156 499 1160 500 1160 592 1155 596 1155 596 1155 613 1159 614 1159 615 1159 616 1159 627 1154 627 1146 626 1127 603 1120 602 1120 601 1120 600 1120 600 1120 600 1121 593 1127 587 1127 573 1127 568 1127 513 1122 512 1122 511 1122 510 1122 504 1127 502 1128 468 1128 444 1127 385 1123 384 1123 383 1123 368 1127 360 1129 346 1127 320 1124 320 1124 304 1127 290 1131 257 1127 232 1126 231 1126 221 1128 202 1132 186 1128 181 1127 180 1127 179 1127 164 1128 124 1133 119 1128 118 1128 118 1127 117 1127 116 1127 115 1127 44 1128 45 1155"/></Shape>
	    <String CONTENT="quiſſimus, vt ex antecedẽti cõſequens, &amp; contrà"
                    HPOS="44.0"
                    VPOS="1120.0"
                    WIDTH="583.0"
                    HEIGHT="48.0"
                    WC="0.9901670432090759"></String>
          </TextLine>
          <TextLine ID="line_34"
                    TAGREFS="LT275"
                    BASELINE="45 1187 626 1180" 
                    HPOS="45.0"
                    VPOS="1155.0"
                    WIDTH="581.0"
                    HEIGHT="54.0">
            <Shape><Polygon POINTS="45 1187 45 1208 74 1209 75 1209 76 1209 78 1208 86 1204 93 1207 94 1208 95 1208 96 1208 97 1208 98 1207 106 1203 121 1207 125 1208 126 1208 127 1208 127 1208 131 1207 150 1201 169 1206 176 1208 177 1208 178 1208 179 1208 185 1205 202 1199 279 1199 301 1204 314 1206 315 1206 316 1206 324 1203 337 1198 374 1198 386 1202 396 1205 397 1205 398 1205 423 1201 444 1198 451 1201 458 1204 459 1204 460 1204 475 1201 492 1197 504 1200 518 1204 518 1204 519 1205 544 1205 544 1204 545 1204 555 1199 559 1197 563 1199 574 1203 575 1203 576 1203 625 1197 626 1180 625 1160 617 1155 617 1155 616 1155 615 1155 586 1160 560 1155 559 1155 559 1155 558 1155 547 1161 547 1161 544 1161 457 1158 456 1158 456 1158 438 1162 408 1156 407 1156 389 1157 388 1157 387 1157 380 1163 346 1157 345 1157 345 1157 323 1164 311 1158 310 1158 281 1158 280 1158 279 1158 279 1158 279 1159 272 1164 239 1159 238 1159 238 1159 227 1164 193 1160 193 1160 158 1165 143 1160 142 1160 141 1160 140 1160 139 1160 131 1165 90 1160 90 1160 89 1160 88 1160 81 1167 45 1167 45 1187"/></Shape>
	    <String CONTENT="concludatur &amp; intelligatur. Nec enim tantùm à"
                    HPOS="45.0"
                    VPOS="1155.0"
                    WIDTH="581.0"
                    HEIGHT="54.0"
                    WC="0.9927770114959554"></String>
          </TextLine>
        </TextBlock>
      </PrintSpace>
    </Page>
  </Layout>
</alto>
