1000 1448
224.0 96.0 227.0 19.0 CABVT IIII.

606.0 69.0 14.0 42.0 1.

66.0 107.0 585.0 53.0 pronuntiauit. Nec obſtat quòd quædam ex ijs

65.0 143.0 585.0 49.0 ſunt nobis venena. Reſpondeo enim non idcirco

67.0 177.0 583.0 45.0 mala eſſe. Malum enim, quod bonitati rerũ crea¬

67.0 211.0 583.0 48.0 tarum opponitur, non eſt vſus noxius (nam ar¬

68.0 240.0 585.0 49.0 bore ſcientiæ boni & mali impunè vti non licuit

67.0 275.0 585.0 47.0 Adamo) ſed eſt malum hoc loco qualitas interna

69.0 306.0 581.0 48.0 quæ peccatum in nobis producit: & Dei ordina¬

69.0 338.0 585.0 48.0 tioni contraria eſt, nobiſque propterea noxia, &

69.0 371.0 585.0 48.0 deteſtãda. Deinde quæ creaturæ ſunt nobis vene¬

69.0 403.0 583.0 49.0 na, illæ non ſunt nobis in cibum à Deo deſtinatæ.

69.0 434.0 585.0 50.0 Denique hoc ipſum vitiũ, quod rebus creatis nũc

70.0 467.0 586.0 49.0 ineſt & ſuperuenit, nõ ex ipſa Dei creatione, ſed

70.0 502.0 584.0 48.0 ex peccato hominis acceſſit. Diſtinguendum au¬

71.0 531.0 583.0 49.0 tem eſt vitium & accidens à rei natura & ſubſtan¬

69.0 563.0 588.0 49.0 tia, vt docet Auguſtinus in articulis contra Felicẽ

73.0 596.0 582.0 52.0 Manichæum cap.8.9. & in lib. de Fide ad Petr.

74.0 639.0 96.0 37.0 cap.42.

104.0 662.0 550.0 46.0 Si cum gratiarum) Altera bonitas ciborum ex

74.0 693.0 580.0 50.0 vſu ipſo, & noſtri ratione bonitas appellanda. V¬

74.0 726.0 582.0 48.0 ſus autem hic certis legibus à Paulo circunſcri¬

74.0 761.0 581.0 48.0 ptus eſt, vt à profanorum menſis piorum homi¬

74.0 796.0 581.0 40.0 num conuiuia & victus ſeparetur. Cur autem has

74.0 824.0 582.0 49.0 leges addat Paulus, ratio eſt, quòd pro conceſſo

74.0 855.0 584.0 49.0 ſumit, Nihil nobis, tanquam à nobis ipſis, in Dei

73.0 888.0 585.0 49.0 creaturis iuris eſſe vel licere, ſed id tantùm, quod

76.0 922.0 582.0 48.0 Deus, qui eſt earum Dominus, quantúmque cõ¬

74.0 953.0 585.0 49.0 ceſsit, & largitur. Ergo ſi, vel alio Modo, vel fine,

76.0 987.0 584.0 48.0 illis vtamur, ſanè peccamus. Quoad modum au¬

78.0 1019.0 582.0 46.0 tem, Dominus non vult nos immoderatè ſuis re¬

79.0 1049.0 583.0 52.0 bus & donis vti, quia hic planè abuſus eſt, non

81.0 1085.0 581.0 47.0 vſus: atq; ipſius dona nõ ſunt ſpernenda, aut con¬

80.0 1117.0 582.0 50.0 tẽptim habenda, quod ij faciunt, qui per crapu¬

82.0 1148.0 580.0 58.0 la m'& gulam ſeſe ingurgitant, ſed magni ſunt æ¬

489.0 1190.0 66.0 37.0 n.iij¬
