1000 1448
589.0 73.0 46.0 58.0 309

279.0 96.0 168.0 30.0 CAPVT V.

71.0 115.0 577.0 53.0 tantûm fungi ſuo munere: non denique pro ſua

71.0 156.0 575.0 41.0 tantùm commoditate inſeruire eccleſiæ: ſed ma¬

73.0 190.0 571.0 38.0 gno animi zelo, totíſque & animi & corporis viri

72.0 224.0 572.0 38.0 bus incumbere, vt optimam muneris ſui rationẽ

72.0 252.0 569.0 40.0 Deo reddere poſsint. adeò vt ſæpè de ſe teſtetur

73.0 284.0 570.0 40.0 Paulus ſe nõtm laboraſſe, ſed etiam laſſitudinẽ,

73.0 317.0 568.0 38.0 quaſi exhauſtis viribus, paſſum eſſe, tantæ ærũnæ

71.0 350.0 570.0 40.0 corporis in eo faciendo nimirum ſæpe ſunt (vt 2.

74.0 381.0 570.0 40.0 Theſ.3.ver.8. docet ipſe) perferendę, ne ſint muti

69.0 415.0 572.0 35.0 canes, vt ait Iſaias. Sed & laborarè in ſermone &

69.0 445.0 574.0 43.0 Doctrina, non qualibet, ſed cœleſti & Euãgelica

69.0 482.0 572.0 37.0 iidem iubentur, per quam homines adveramn ag¬

69.0 511.0 574.0 42.0 nitionem Dei deducant. Quidam ſermonem pro

68.0 545.0 573.0 39.0 exhortationibus accipiunt. Doctrinam pro ipſa

69.0 577.0 571.0 40.0 traditione methodica cœleſtis myſterij Quod v¬

67.0 607.0 574.0 42.0 trunque fit concionando. Optimè Chryſoſto.

71.0 639.0 568.0 43.0 qui docet exigi à paſtore his verbis, vt Prẽdicet,

71.0 673.0 566.0 42.0 doceat, & concionetur: non tantũ vt ſtudeat & vr

72.0 704.0 535.0 41.0 operam det priuatim Dei verbo, illudque n

68.0 737.0 545.0 43.0 ditetur & ſpeculetur ipſe, vel vt vité ſanct? „

69.0 769.0 558.0 45.0 plo gregem ſuum inſtituat. Docere igitur det

67.0 804.0 572.0 41.0 paſtor, & eatenus officium facit, quatenus viua vo

65.0 835.0 573.0 43.0 ce illud exponit. Ite, ait Chriſtus, docete. Ergo qui

65.0 868.0 573.0 41.0 abſunt a ſuo grege: qui in grege ipſo muti ſunt:

66.0 899.0 572.0 43.0 qui etſi per alios docent, ipſi nunquam id faciunt,

65.0 932.0 574.0 38.0 omnino ſunt indigni nomine Paſtorum & Pres¬

65.0 963.0 573.0 44.0 byterorum: & duplici illo honore, de quo agit

65.0 995.0 309.0 44.0 hoc loco Paulus, priuandi

98.0 1041.0 542.0 53.0 18 Dicit enim Scriptura, Boui triturãti

65.0 1086.0 575.0 45.0 nõ obligabis os. Et, Dignus eſt operarius mer¬

67.0 1121.0 228.0 43.0 cede ſua.

376.0 1122.0 19.0 37.0 1

400.0 1130.0 6.0 30.0 2

98.0 1152.0 540.0 52.0 Αιτιολογιά eſt, in qua tertium caput éontinetu?

487.0 1192.0 64.0 42.0 u.iij¬

145.0 1185.0 16.0 42.0 2
