1000 1448
364.0 101.0 66.0 26.0 286

463.0 85.0 379.0 39.0 AD I. PAVL. AD TIM.

358.0 110.0 580.0 52.0 quantũ ex muneris noſtri ratione vel Chriſtianæ

358.0 143.0 584.0 50.0 charitatis officio tenemur, non eſt curioſitas: ſed

358.0 176.0 580.0 51.0 eſt officium, quod eſt ſanè laudandum. Eò deni¬

361.0 209.0 579.0 53.0 que pertinere videntur poſtrema huius verſiculi

359.0 243.0 579.0 49.0 verba loquentes quæ non oportet. Nec enim de alio

359.0 275.0 580.0 49.0 loqui prohibemur ſemper, ſed videndũ eſt. Quid,

362.0 308.0 514.0 49.0 Quomodo, & Quatenus loqui de eo liceat.

393.0 340.0 545.0 45.0 Priuſquam autem totum hunc de Diaconiſſis

358.0 372.0 581.0 50.0 locum finiamus, duo ſcitu neceſſaria ſunt enodã¬

359.0 406.0 583.0 49.0 da. Primùm quidem, vtrum eas hodie in refor¬

360.0 438.0 576.0 47.0 matis Chriſtianiſque Eccleſijs retinere ſit operę¬

360.0 471.0 582.0 51.0 pretiũ, cùm nos quàm maximè fieri poteſt, proxi¬

362.0 505.0 579.0 47.0 mè ad veterem & Apoſtolicam Eccleſiam acce¬

361.0 534.0 581.0 50.0 dere tum in doctrina: tum etiam ln diſciplina &

361.0 568.0 580.0 51.0 politia Eccleſiaſtica oporteat. Quid igitur? Re¬

361.0 598.0 581.0 52.0 ſpondeo aliquod diſcrimen eſſe nobis ſtatuendũ

360.0 633.0 581.0 49.0 inter doctrinam veteris Eccleſiæ, & inter gene¬

360.0 662.0 582.0 53.0 ralẽ qua illa vſa eſt, diſciplinam. Nam cùm doctri¬

361.0 697.0 577.0 51.0 na Apoſtolica ſit Chriſti ipſius vox & ſapientia,

362.0 730.0 580.0 47.0 cui tanquam vero & vnico fidei & ſalutis funda¬

362.0 761.0 580.0 53.0 mento innititur Eccleſia, certè ab ea doctrina v¬

362.0 795.0 580.0 49.0 niuerſa ne tantillum quidem à nobis recedi vllo

362.0 826.0 580.0 52.0 tempore debet. Itaque nulla occaſio affer¬

361.0 860.0 581.0 50.0 ri vel fingi vnquam poteſt, propter quam

362.0 895.0 580.0 49.0 vel in vno apice, quanquam minimo, doctrina A¬

362.0 923.0 582.0 54.0 porterorun.immutetur Matth. 5. verſ.18. At illus

362.0 958.0 581.0 49.0 diſciplinæ vniuerſæ, quam illa vſurpauit, non eadẽ

363.0 991.0 580.0 49.0 omnino ratio eſt. Cùm enim ſit diſciplina tan¬

364.0 1024.0 578.0 49.0 quam decorum quoddam veſtimentum ad res,

363.0 1056.0 580.0 51.0 tempora, perſonas accommodatum, fit, vt quem¬

363.0 1089.0 579.0 48.0 admodum hæc variari poſſunt:ita poſsit quoque

364.0 1121.0 579.0 45.0 aliquibus in rebus mutari etiam diſciplina vetus.

370.0 1151.0 574.0 59.0 Tantum diſtinctionem hanc adhibeamus, vt in

822.0 1184.0 122.0 50.0 diſciplina
