1000 1448
591.0 87.0 42.0 51.0 335

247.0 103.0 168.0 21.0 CAPVT V.

58.0 120.0 576.0 54.0 qualitas illa & ſtatus in quo tantùm creati ſunt.

61.0 156.0 572.0 48.0 ( Omnes enim angeli, etiam qui ceciderũt, dice¬

55.0 188.0 578.0 49.0 rentur & fuiſſent electi, quia in eodem ſtatu feli¬

56.0 220.0 590.0 47.0 ci omnes conditi ſunt) ſed præceſſit hæc Dei e¬s

55.0 252.0 576.0 48.0 lectio etiam illorum creationem & ortum, & ab

54.0 287.0 576.0 46.0 æterno in Deo fuit. Hunc ſtatum tam excellentẽ

54.0 317.0 576.0 47.0 omnes quidẽ à Deo mera ipſius gratia erant con

54.0 349.0 576.0 47.0 ſecuti, ſed Dei illa gratia per quã ſunt alij dicti e¬

55.0 383.0 574.0 47.0 lecti, & prior eſt, & maior gratia creationis.

53.0 413.0 577.0 50.0 Hoc verò qui à Deo electi fuerũt, plus iam ſunt

53.0 448.0 574.0 46.0 adepti poſt malorum lapſum, ꝙ de feliciſſ. illius

54.0 481.0 575.0 45.0 cõditionis ſuæ ſtatu perpetuo futuro iam à Deo

50.0 513.0 579.0 48.0 certiſſimi effectit & in eo ſtabiliti ſunt, & in æter¬

50.0 544.0 575.0 49.0 num confirmati: Id quod, Deo illis reuelãte, iam

47.0 576.0 578.0 51.0 cognoſcunt & intelligunt. Bernandus in Sermo.

53.0 609.0 572.0 49.0 5de feſto omnium ſanctor. Inter Angelos & ho¬

49.0 641.0 575.0 51.0 mines aſſignari poteſt iſta diuerſitas ſanctitatis.

50.0 674.0 574.0 50.0 Neque enim tanquam triũphantes honorari poſ

46.0 708.0 578.0 48.0 ſe videntur, qui nunquã pugnaſſe noſcuntur. Ali¬

46.0 740.0 578.0 49.0 ter tamẽ honorandi ſunt etiam ipſi, tanquã amici

46.0 771.0 577.0 51.0 tui Deus, cuius nimirũ voluntati ſemper adhæſe¬

45.0 805.0 578.0 52.0 runt, tãta vtique felicitate quãta facilitate. Aliud

45.0 837.0 582.0 49.0 igitur in Angelis ſanctitatis genus. Et ſer.5. de vi¬

43.0 869.0 574.0 52.0 ſio. Non eſt innata eis ſed à Deo collata iuſtitia,

45.0 900.0 570.0 54.0 quæ inferior eſt diuina iuſtitia. Idem Bernardus,

42.0 935.0 576.0 50.0 ſerm.22. cantic. cantico. Si angeli, ait, nũquam re

42.0 969.0 576.0 51.0 dempti ſunt, alij vtique non egentes, alij non pro

41.0 999.0 577.0 47.0 merentes: illi quidem quia nec lapſi ſunt, hi au¬

42.0 1030.0 574.0 52.0 tem quia irreuocabiles ſunt, quo pacto tu dicis

41.0 1062.0 574.0 52.0 Dominum Ieſum Chriſtum eis fuiſſe redemptio

38.0 1095.0 575.0 54.0 nẽ? Audi breuiter. Qui erexit hominem lapſum,

41.0 1128.0 573.0 52.0 dedit ſtanti angelo, ne laberetur: ſic illum de ca¬

38.0 1161.0 573.0 60.0 ptiuitate eruẽs, ſicut hunc à captiuitate defendẽs.
