1000 1448
488.0 87.0 370.0 44.0 AD I. PAVL. AD TIM.

363.0 119.0 582.0 53.0 petit, non vnum tantùm, me authore, populo

364.0 154.0 581.0 51.0 proponendum eſſe: ſed duos aut plures. Vbi au¬

365.0 189.0 578.0 45.0 tem vnus tantùm idoneus eſſe poteſt, etiam in eo

366.0 218.0 578.0 52.0 ipſo liberam eſſe populi electionem deliberatio¬

366.0 252.0 579.0 49.0 nem, & aſſenſionem. dico adeò, vt ſi quem etiam

367.0 286.0 575.0 49.0 magis aptum agnouerit populus, aut vnus aliquis

367.0 316.0 577.0 51.0 è populo, de eo Pres byteriũ monere & poſſit &

369.0 349.0 576.0 49.0 debeat. Atq; hæc omnia quæ diximus in ordina¬

369.0 382.0 577.0 49.0 ria vocatione locum habent. Nam extraordina¬

368.0 416.0 548.0 48.0 ria vocatio alia eſt, quæ nulla habet pręcepta.

401.0 447.0 545.0 44.0 Secundum caput eſt. Quando electio ſit cele¬

371.0 478.0 579.0 48.0 branda. Reſponſio verò facilis eſt, nimirum vbi

370.0 512.0 579.0 48.0 prior paſtor vel defunctus eſt: vel legitimè depo¬

370.0 544.0 580.0 46.0 ſitus. Nam vel viuente adhuc, vel manente & of¬

372.0 575.0 579.0 50.0 cio fungente priori, ſecundus eligi non debebit

372.0 606.0 580.0 50.0 niſi fortaſſe in ſubſidium defeſſi, veluti ſi nimia

372.0 641.0 580.0 48.0 ſit iam ſuperſtitis infirmitas ſenectus morbus, cę¬

372.0 674.0 582.0 49.0 citas, aut aliud quippiam ſimile, alius aduocari

374.0 708.0 578.0 46.0 poteſt, qui illi primo tantum accedit, non autem

374.0 738.0 578.0 49.0 ſuccedit, vt docet Socra.lib.7. cap.4o. Herun lib.

375.0 771.0 577.0 48.0 8. cap.26. Bernard.epiſtola 126. & tota 7.quæſt.I.

374.0 803.0 580.0 47.0 in Decretis reſponſum eſt. Quod ſi prior paſtor

374.0 837.0 581.0 44.0 defunctus erat, illud ferè fuit obſeruatum, vt non

374.0 869.0 581.0 47.0 niſi demum poſt tertium ſepulturæ diem in locũ

375.0 900.0 579.0 49.0 defuncti de alio eligendo ageret Eccleſia, vt eſt

374.0 931.0 581.0 47.0 in canone Nullus Pontifice diſtinctione 79. Viri

376.0 966.0 580.0 45.0 etiam graues, & Epiſcopi ſuarum Eccleſiarum

375.0 998.0 580.0 46.0 amantiſſimi ſæpe ſibi Succeſſores ipſi deſigna¬

375.0 1032.0 580.0 45.0 runt, etiam viui quòd futurum periculum proſpi¬

375.0 1063.0 581.0 45.0 cerẽt in futura poſt ſuum obitum electione. Hos

374.0 1095.0 582.0 46.0 autem ita ab ipſis deſignatos, poſtea populus at¬

375.0 1129.0 581.0 45.0 que vniuerſa Eccleſia comprobabat ant equã le¬

370.0 1160.0 588.0 55.0 gitimi fierent paſtores vti Auguſtinus & Athana¬

913.0 1194.0 51.0 35.0 ſius
