1000 1448
588.0 82.0 46.0 42.0 369

252.0 94.0 172.0 21.0 CANVIV.

57.0 106.0 576.0 54.0 hoc ſuum præceptum atque doctrinã Euangelij

56.0 142.0 578.0 47.0 ab omni calumnia vindicaret. Nã videri poterat

57.0 172.0 576.0 50.0 ex hac Pauli iuſſione euangelium incitare, ac im¬

56.0 207.0 577.0 49.0 pellere homines ad vinum hauriendum, ſeſéque

55.0 240.0 578.0 49.0 ingurgitandum, niſi hoc tempera mentũ atque

54.0 274.0 579.0 46.0 hanc velut exceptionem ſubtexuiſſet Paulus. Id

55.0 305.0 576.0 47.0 quod ſobrij homines inter Ethnicos vituperaſ¬

54.0 336.0 578.0 50.0 ſent, & meritò quidem. Nam & Oſ.7. verſ.5. &

54.0 368.0 579.0 49.0 Prouerb.31. quanta, quámque grauia Dei iudicia

53.0 401.0 579.0 48.0 in ἀνοπότας id eſt, vinolentos & inſobrios homi¬

53.0 436.0 576.0 47.0 nes denuntientur, apparet. Denique Luc.21. verſ.

54.0 468.0 578.0 47.0 34. Chriſtus & crapulam & ebrietatem damnat.

54.0 501.0 575.0 47.0 Quare meritò moderationem atqueſobrietatem

52.0 530.0 576.0 49.0 hac voce ὀλίγον præſcripſit Paulus, etiam Timo¬

50.0 562.0 579.0 51.0 theo ſua iam ſponte ſobrio & temperanti, nedũ

51.0 599.0 579.0 46.0 vt præceptum de ſobrietate ſeruanda cuiquam

51.0 629.0 462.0 45.0 graue aut intempeſtiuum videri poſſit.

82.0 662.0 541.0 48.0 Cur autem præſcripſerit vſum vini Timo¬

51.0 692.0 573.0 51.0 theo, ratio eſt, non quòd medicum agat Paulus:

49.0 724.0 574.0 52.0 ſed quòd in ſuæ ipſius valetudinis detrimentum

48.0 759.0 575.0 44.0 & virium corporis debilitationem nimiam ab¬

47.0 790.0 574.0 50.0 ſtemius eſſet, ídque ſponte, hac ſibi lege impoſi¬

49.0 824.0 574.0 48.0 ta, ad domandos carnis impetus & libidinoſos

47.0 858.0 575.0 47.0 motus, qui in iuuenili illa ætate magni & feruẽ¬

47.0 890.0 574.0 48.0 tes eſſe potuerunt, niſi hac tanquam frigida ſuf¬

45.0 919.0 576.0 50.0 fuſa, id eſt, vini detractione, temperarẽtur & ex¬

45.0 957.0 579.0 45.0 tinguerentur. Itaque Timotheus habita tũ ſuæ

45.0 987.0 576.0 45.0 Ætatis, tũ Vocationis ratione, vino ſponte abſti¬

45.0 1019.0 576.0 47.0 nebat: non ſuperſtitione aliqua, quaſi vini vſu

45.0 1050.0 574.0 50.0 Deus offenderetur: nõ hęreſi, quaſi hãc Dei crea

45.0 1084.0 572.0 50.0 turam damuaret, quòd poſtea fecerunt Aquarij

45.0 1115.0 575.0 53.0 & Seueriani: Non voto aliquo ſuſcepto, quale

48.0 1151.0 569.0 53.0 fuit veterum Nazaræorum votum. Non denique

487.0 1192.0 58.0 50.0 A.j.
