1000 1448
473.0 78.0 376.0 37.0 AD I. PAVL. AD TIM.

366.0 93.0 53.0 29.0 310

361.0 106.0 575.0 49.0 nempe. Cur hic honor Presbyteris debeatur. Af¬

358.0 143.0 579.0 46.0 fertur autem à Paulo ratio duplex, quarum Pri¬

358.0 176.0 576.0 46.0 ma ducitur ab exemplo, quod etiam diuina lege

358.0 209.0 576.0 44.0 comprobatur. Secunda ab officio & communi

358.0 242.0 576.0 43.0 hominum ſententia. Ergo videtur hîc vti duplici

360.0 275.0 577.0 41.0 autoritate Paulus, nimirum Diuina & Humana:

359.0 306.0 576.0 45.0 Diuina, cùm ait. Dicit enim ſcriptura, Boui trituran

358.0 338.0 576.0 45.0 ti &c. qui locus ſumptus eſt ex Deut.25.ver.4. &I.

362.0 371.0 572.0 44.0 Corint.9. ver. 9. explicatur fuſius ab eodẽ Paulo.

387.0 403.0 547.0 44.0 Humana vero autoritas eſt, cùm ait, Dignus o¬

356.0 436.0 575.0 45.0 perarius mercede ſua: quæ in prouerbium abiit, ip¬

358.0 468.0 575.0 42.0 ſa naturæ voce inter omnes mortales confirma¬

357.0 501.0 577.0 42.0 ta: adeò quidem vt cùm Chriſtus ipſe hoc idem

358.0 532.0 576.0 40.0 dixit Math.1o.verſ.1o. Luc.1o.verſ.7. ex communi

356.0 562.0 578.0 46.0 prouerbio ſumpſiſſe videatur. Nihil enim hoc di

355.0 596.0 579.0 44.0 cto magis tritum eſt, & vulgare. Niſi quis fortaſſe

355.0 628.0 576.0 46.0 ductum malit ex eo, quod ſæpè in ſcriptura legi¬

354.0 661.0 578.0 44.0 tur, eſſe dignum mercenarium mercede ſua Deut.

357.0 694.0 574.0 44.0 24.verſ.15. Geneſ.31.verſ.12. Ad quod ipſum quo¬

357.0 728.0 402.0 38.0 que reſpexit Iacobus cap.5.verſ.4.

389.0 757.0 543.0 45.0 Neque tamen, etſi dignus eſt Paſtor ſuo ſtipẽ¬

353.0 790.0 577.0 45.0 dio & ſuo honorario, tanquam merce de, propter¬

354.0 826.0 574.0 41.0 ea paſcere gregem debet eo animo, vt inde ſti¬

354.0 855.0 576.0 43.0 pendia accipiat, & mereatut. Nã huiuſmodi ani¬

355.0 888.0 575.0 41.0 mus eſt Auaritiæ (quæ eſt omnibus fugienda, im¬

353.0 921.0 577.0 41.0 primis autem Paſtoribus Luc.12.verſ.15.1. Petr.1.

354.0 953.0 576.0 42.0 verſ.2.)ſorculus, quanuis non expetat inde diteſ¬

353.0 985.0 577.0 41.0 cere, vel opes cumulare. Præcipuus enim Paſto¬

351.0 1015.0 578.0 43.0 rum ſcopus eſſe debec Dei ipſius gloria. Vi¬

350.0 1048.0 575.0 40.0 ctus autem ipſorum eſt acceſſio quædam tantùm,

352.0 1081.0 575.0 43.0 quem idcirco petũt & ſpectãt, quia ad faciendum

350.0 1114.0 575.0 46.0 & melius, & alacrius, & liberiùs officium, ille ne

350.0 1147.0 156.0 50.0 ceſlarius eſt.

827.0 1176.0 98.0 56.0 Mirum
