1000 1448
251.0 103.0 124.0 19.0 CARVT

399.0 103.0 28.0 23.0 V.

572.0 82.0 50.0 49.0 879

48.0 118.0 577.0 50.0 ea creuit ſuperſtitio, & hæc initia latius poſtea

47.0 158.0 577.0 40.0 ſunt propagata, adeò vt poſtea, & iam tempore

48.0 189.0 575.0 42.0 Gangrenſis Synodi, quæ fuit ſub Conſtantino

48.0 221.0 575.0 42.0 Magno, Sagimen omne & pinguedo, & non tan¬

47.0 253.0 578.0 41.0 tùm caro ipſa Monachis & abſtinẽtibus interdice

47.0 287.0 578.0 36.0 retur. Demum acceſſit decretum Gregorij Ma¬

50.0 318.0 573.0 42.0 gni, quod abſtinere cupientibus prohibet & in¬

48.0 353.0 576.0 35.0 terdicit eſu omnis rei, quæ ſementinam carnis

48.0 383.0 577.0 36.0 originem habeat, adeò, vt iam non ſolum caro i¬

49.0 415.0 577.0 41.0 pſa ſit prohibita: ſed & caſeus, & ouum, & lac, &

49.0 450.0 576.0 34.0 butyrum, quia ſementinam carnis, id eſt, à carne

48.0 483.0 585.0 38.0 originem habent. Hoc iam ſequuntur omnes

47.0 512.0 579.0 41.0 Papiſtæ, & eſt in canon. Denique diſtinct.4. tan¬

48.0 546.0 577.0 38.0 quam hoc ſit perfectiſsimum abſtinentiæ genus.

47.0 579.0 578.0 38.0 Bernardus tamen ſermo 66. Cantic. videtur ſen¬

45.0 610.0 578.0 39.0 tire hanc ſententiam eſſe ex Manichęorum hæ¬

45.0 641.0 580.0 44.0 reſi deriuatam. Cæterum, ait, quid ſibi vult, quod

45.0 678.0 581.0 39.0 ita generaliter omne, quod ex coitu generatur,

48.0 707.0 576.0 43.0 vitatur? Nempe horrent lac, & quicquid ex eo

45.0 740.0 576.0 41.0 conficitur, vt in eo Bernardo neque cum Grego¬

44.0 771.0 579.0 43.0 rio Magno, neque cum ſuperſtitioſis noſtri tem¬

46.0 806.0 577.0 41.0 poris Papiſtis conueniat, qui generaliter omnes

45.0 838.0 580.0 38.0 cibos iſtos prohibent. Mirum tamen cùm & vo¬

45.0 871.0 580.0 38.0 tum Nazaræorum vini interdictionem contine¬

44.0 901.0 579.0 40.0 ret, & Timotheus vino potius, quàm alijs reli¬

48.0 933.0 573.0 38.0 quis cibis ad carnem domãdam abſtinuiſſe dica¬

45.0 968.0 579.0 36.0 tur: & veteres Monachi vino potiſsimum non v¬

45.0 999.0 580.0 39.0 terentur. Præterea cùm tota diſtinct. 35. vini in¬

44.0 1032.0 580.0 38.0 commoda atque pericula varia enumerentur,

44.0 1065.0 581.0 35.0 maximéque Epiſcopis, & ſanctioribus viris ca¬

45.0 1096.0 580.0 40.0 uendum prædicetur. Denique cùm Prouerb.31.

44.0 1128.0 577.0 41.0 ſerium aliquid acturis vinũ interdicatur, mirum,

45.0 1160.0 580.0 40.0 inquam, eſt, nullos tamẽ Monachos etiã abſtinẽ¬

42.0 1192.0 580.0 51.0 tiſsimos & rigidiſsimæ vitæ regulam profeſſos.
