1000 1448
234.0 101.0 178.0 19.0 CAt la v

601.0 85.0 40.0 46.0 323

65.0 114.0 578.0 50.0 gatione perſiſtit, coget, aut adiget: ſed confiten¬

65.0 153.0 579.0 42.0 tem tantùm & verè pœnitentem, inquam, Ec¬

64.0 185.0 579.0 39.0 cleſia ad confeſſionem adducet. Probo igitur id

65.0 216.0 576.0 42.0 quod in can. Preſbyter xv. quæſt. I. in eãdem ſen¬

63.0 249.0 580.0 38.0 tentiam ſcriptum eſt. Et hæc quidem in vniuer¬

61.0 279.0 581.0 45.0 ſum de ijs, qui cenſura Eccleſiaſtica ad delicti

63.0 312.0 578.0 45.0 confeſsionem compelli debent & poſſunt. Quod

62.0 345.0 577.0 45.0 ſi de ijs, qui publicè confiteri debent, quæritur,

63.0 378.0 579.0 41.0 Reſpondeo eos tantùm ad id eſſe compel¬

60.0 410.0 581.0 42.0 lendos, iíſque folis indicendũ eſſe, quorum deli¬

60.0 442.0 581.0 48.0 ctum & factum iam publicum & notorium eſt

61.0 474.0 120.0 41.0 Eccleſiæ.

92.0 505.0 548.0 46.0 Quæſitum eſt, Quomodo fieri hæc publica cõ¬

57.0 539.0 582.0 45.0 feſsio debeat. Atque hoc partim ad formam ex¬

57.0 572.0 581.0 44.0 ternam ſpectat: partim etiam ad ipſius peccato¬

57.0 604.0 580.0 46.0 ris publicè confitentis officium. Ac quidem quod

57.0 637.0 576.0 45.0 ad ipſum confitentem attinet, nemo per nuntiũ,

57.0 670.0 577.0 45.0 neque per ſcriptum facere illam confeſsionem

57.0 701.0 577.0 45.0 olim potuit, ſed corporali præſentia, & ipſo ore

56.0 732.0 577.0 49.0 ſuo, vt eſt præclarè reſponſum ab Auguſtino in

54.0 766.0 579.0 46.0 lib. de Pœnitent. & eſt relatum in cano. Quem

55.0 798.0 579.0 47.0 pœnitet diſtinct. I. de Pœnitentia, & hoc ipſum

53.0 833.0 243.0 36.0 retinendum cenſeo.

85.0 865.0 547.0 41.0 Quod autem ad formam & ritus externos. Pri¬

52.0 896.0 581.0 45.0 mùm hæc publica confeſsio ſimpliciſsimè in Ec¬

51.0 928.0 581.0 44.0 cleſia fieri ſolebat. Deinde verò huic ſimplicita¬

52.0 995.0 579.0 44.0 oſtentationem & pompam. Ergo concilio Aga¬

51.0 1025.0 580.0 43.0 thenſi conſtitutum eſt, vt publicè confitens ini¬

52.0 1057.0 579.0 46.0 tio Quadrageſimæ ſtaret nudis pedibus pro fori¬

53.0 1090.0 577.0 46.0 bus templi, ſacco indutus, cilicio caput tegens,

51.0 1123.0 582.0 46.0 & ſupra caput cinerem ſpargens, vultu in terram

50.0 1154.0 580.0 55.0 demiſſo. Deinde exomologeſi facta, Eccleſiæ cõ¬

458.0 1192.0 58.0 45.0 x.ij.
