1000 1448
597.0 88.0 39.0 45.0 357

253.0 101.0 129.0 24.0 CAPVT

389.0 101.0 34.0 24.0 Ve

66.0 119.0 578.0 46.0 ſius, & alij ſibi ſucceſſores elegerunt. Auguſt. epi.

67.0 155.0 575.0 43.0 110. Theo. Hiſt. lib.4. cap.2o. Euſeb.lib.7. cap.32.

69.0 188.0 575.0 42.0 Atq; hæc deſecũdo capite & de tẽpore electionis

105.0 220.0 538.0 41.0 Tertium caput eſt, Quomodo ſit electio cele¬

69.0 250.0 574.0 43.0 lebranda. Reſpond. Sic eſſe celebrandam, vt &

69.0 286.0 575.0 43.0 Perſona idonea reperiatur, & Ratio animúſque

68.0 316.0 285.0 38.0 eligentium ſit ſyncerus.

99.0 346.0 547.0 46.0 Perſona verò cognoſcetur idonea ſi fiat ſeriũ

69.0 382.0 574.0 42.0 examen ac diligens ipſius tũ in Doctrina ipſa, &

68.0 413.0 578.0 43.0 illius explicandæ methodo, tũ Vita & motibus,

68.0 447.0 579.0 43.0 síntne in eo tales, quales antea præſcripſit Paulus

69.0 486.0 75.0 38.0 cap.3.

96.0 510.0 551.0 42.0 Imperitia verò pſalmodiæ & cantus, doctum

69.0 543.0 579.0 42.0 & probum hominem à munere Epiſcopi exclu¬

68.0 575.0 580.0 38.0 dere minimè vel debet, vel poteſt, quicquid à

69.0 609.0 578.0 41.0 Gregorio Magno contrà reſponſum ſit, & pro¬

69.0 641.0 580.0 40.0 batum in cano. Florentinum Archidiaconum di¬

69.0 671.0 580.0 41.0 ſtinct. 85. Sed iam Epiſcopi officium in cantile¬

68.0 707.0 582.0 37.0 nas conuerſum fuerat, relicto abdicatóque ab il¬

69.0 740.0 579.0 40.0 lis munere & onere concionandi. Fuit etiam o¬

68.0 772.0 580.0 39.0 lim diligenter & ſancitum, & obſeruatum, vt cõ¬

68.0 803.0 581.0 42.0 ſtitutionum Eccleſiaſticarum némo ignarus in

69.0 836.0 581.0 40.0 Paſtorem Eccleſiæ ordinaretur, vt tradit Sozom.

68.0 867.0 582.0 42.0 lib.4. cap. 24. Quæ ſanè cõditio nõ eſt in futuro

69.0 900.0 581.0 43.0 Paſtore negligenda, ſi quis talis reperiri poteſt.

70.0 933.0 581.0 41.0 Sin minus, eligi tamen poterit, qui non erit omni¬

69.0 962.0 582.0 46.0 no ordinis Eccleſiaſtici ignarus, modò reliquas

71.0 996.0 580.0 39.0 animi dotes habeat, quæ ſunt ad paſtorale munus

72.0 1028.0 577.0 42.0 neceſſarię. Neque enim cantus Eccleſiaſtici neq;

71.0 1061.0 582.0 43.0 iſtarum regularum Synodicarum ignoratio adi¬

73.0 1093.0 579.0 44.0 tum pijs & doctis viris ad paſtoris officium ex¬

74.0 1127.0 576.0 43.0 cludere debẽt, quia illa duo vel vſu, vel exerci¬

73.0 1160.0 422.0 51.0 atione facile poſtea ediſci poſſunt.

485.0 1189.0 61.0 49.0 z.iij.
