1000 1448
242.0 111.0 209.0 23.0 CAPVT IIII.

584.0 96.0 47.0 42.0 221

49.0 130.0 580.0 41.0 operandum manus haberent, Cilicio, & Succin¬

50.0 167.0 579.0 41.0 ctoriis ſiue ſubligaculis, & pelliceis, quæ lineo co¬

50.0 198.0 577.0 43.0 lobio operiebãtur, vnde ſuperpellicea dicta, Gal.

49.0 234.0 579.0 39.0 des ſuperplis. Colores in habitu varios habuere, &

53.0 266.0 576.0 41.0 geſtauere: calceamentorum nullus inter cos, vt¬

51.0 296.0 577.0 43.0 pote in calidis regionibus primum habitantes,

49.0 329.0 578.0 42.0 fuit vſus, vt Caſsianus docet. Quoad ipſam autem

50.0 362.0 580.0 43.0 corporis eorum formam, comas alebant & bar¬

49.0 394.0 580.0 42.0 bam reſecabant, contra quàm tamen Epiph.hæ¬

49.0 427.0 580.0 38.0 reſ. 8o. decorum viris Chriſtianis eſſe cenſet. Bar¬

49.0 458.0 578.0 43.0 bam enim μορφην ἀνδεος vocat, & in cõcilio Car¬

49.0 490.0 581.0 40.0 thaginenſi clerici barbas radere veriti ſunt: ſed

48.0 523.0 581.0 41.0 non ſunt Monachi de numero clericorum. Ac¬

48.0 556.0 581.0 42.0 cincti ſemper lumbis incedebant, & pecunias cu¬

49.0 587.0 580.0 39.0 mulare vetabantur. Nuptiis item & feſtiuitati¬

48.0 620.0 579.0 40.0 bus intereſſe prohibebantur. Operari autem iu¬

46.0 652.0 581.0 43.0 bebantur quotidie, id eſt, in agro aliquid fode¬

45.0 686.0 584.0 40.0 re, aut arare, aut ferre, vt victus vel ipſis vel toti

45.0 717.0 519.0 39.0 ſodalitio in quo viuebant, ſupereſſe poſſet.

77.0 749.0 550.0 43.0 Præcepta quoque in ciborum delectu & ge¬

46.0 783.0 589.0 42.0 nere contra Pauli regulam illis inſtituta ſunt. Alij

45.0 814.0 582.0 41.0 enim herbas tantùm, alii oua, alii piſces: alii o¬

45.0 852.0 583.0 36.0 mnia comedere permittuntur. Ieiunia tamen

45.0 882.0 581.0 38.0 quædam illis ad certam menſuram & dies certos

45.0 913.0 580.0 41.0 præſcripta fuerunt: & mirum ſilentium, quod nõ

44.0 946.0 581.0 39.0 eſt hodie in noſtris Monachis, cùm nuſquam

44.0 979.0 582.0 40.0 inuidia & murmur maius frequentiúſque locum

45.0 1011.0 581.0 39.0 habeat, Denique nulli Monacho eſſe ſine cella

42.0 1042.0 583.0 42.0 licuit, ne velut piſcis ſiue aqua viuere exiſtimare¬

43.0 1073.0 582.0 45.0 tur. Hæ ſunt nugæ, ſed potius hæ ſunt ſuperſtitio¬

41.0 1107.0 584.0 41.0 nes & idololatricæ cæremoniæ, in quibus hoc vi¬

42.0 1139.0 587.0 41.0 tæ inſtitutũ, & Chriſtiana (ſi Deo placet) ſancti¬

43.0 1173.0 578.0 47.0 tas fuit tandem, abolitis veræ ſanctimoniæ præ¬

41.0 1205.0 214.0 48.0 ceptis, collocata.
