1000 1448
234.0 110.0 225.0 24.0 CARVI IIII..

592.0 93.0 45.0 42.0 231

56.0 126.0 578.0 50.0 inſignia, ornamenta, & teſtimonia dantur, & ſo¬

57.0 165.0 238.0 39.0 lenniter geſtantur.

96.0 204.0 540.0 49.0 13 Interim dum venio, attende lectio¬

59.0 250.0 350.0 44.0 ni, exhortationi doctrinæ.

90.0 290.0 547.0 42.0 Α’κολύθησις eſt. Nam ſequuntur variæ exhor¬

61.0 324.0 576.0 41.0 tationes, quas muneris Eccleſiaſtici dignitati cõ¬

58.0 353.0 581.0 44.0 ſentaneas eſſe vidit Paulus, & neceſſariò adden¬

61.0 389.0 577.0 41.0 das. Ex his autem quantum ſit hoc onus, quám¬

61.0 420.0 578.0 42.0 que ſedulò capeſſendum & diligenter exercen¬

61.0 453.0 578.0 39.0 dum intelligere certè debemus, ne ſegnes ſo¬

60.0 485.0 581.0 42.0 cordeſue ipſo Epiſcopatus titulo, vel faſtigio tur¬

61.0 518.0 580.0 39.0 gidi & inſolentes, vel etiã reditu & bonis cõtenti

60.0 551.0 582.0 37.0 torpeamus. Sunt enim hæ cohortationes, tot Spi¬

58.0 582.0 583.0 39.0 ritus ſancti aduerſus paſtores negligentes & mu¬

61.0 616.0 580.0 37.0 neris ſui grauitatem non apprehendentes fulmi¬

61.0 648.0 580.0 40.0 na vel tonitrua. Neque enim tam Timothei gra¬

60.0 680.0 582.0 37.0 tia dicuntur iſta, quàm omnium paſtorum, quo¬

61.0 712.0 580.0 36.0 rum veriſſimam & optimam ideam nobis in Ti¬

61.0 745.0 580.0 39.0 motheo format & pingit. Denique ſi tam ardẽs

61.0 777.0 580.0 38.0 in Dei metu & tantus vir Timotheus ijs ſtimulis

61.0 810.0 582.0 41.0 eguit, quid nos? & quot quantíſque exclamatio¬

61.0 843.0 582.0 40.0 nibus & puncturis ſumus excitandi? Eſt autem

61.0 874.0 580.0 38.0 hic exhortationis & admonitionis locus nõ vnus,

61.0 906.0 582.0 42.0 ſed quadruplex. Omnes quidem eò tendunt, vt

63.0 939.0 580.0 42.0 ſedulò & diligenter paſtores ſuo muneri inten¬

64.0 970.0 578.0 37.0 dant & incumbant. quilibet tamen locus exhor¬

62.0 1003.0 578.0 43.0 tationis habet quoddam peculiare & neceſſariò

65.0 1037.0 201.0 40.0 conſiderandum.

93.0 1066.0 548.0 40.0 Prima igitur hæc eſt exhortatio & admonitio,

64.0 1100.0 579.0 42.0 attendendũ & aſſiduè verſandũ Miniſtro Euan¬

69.0 1133.0 575.0 42.0 gelico in Sacræ ſcripturę lectione. Vox enim, le¬

65.0 1166.0 581.0 41.0 ctionis, generaliter hoc loco enuntiata ad Sacræ

493.0 1198.0 25.0 17.0 ....

466.0 1205.0 68.0 39.0 p.iiij.
