1000 1448
604.0 71.0 43.0 54.0 52

228.0 93.0 182.0 22.0 CAPVT V.

61.0 110.0 583.0 44.0 cto, indici debet. Publicũ autem delictũ duobus

60.0 146.0 583.0 43.0 modis dicitur, vel quod Pluribus, vel quod Omni¬

61.0 179.0 580.0 42.0 bus notum eſt: ídque, vel ex ipſius facti perpe¬

60.0 212.0 578.0 43.0 trandi ratione vt quod in publico loco, vel corã

58.0 245.0 582.0 42.0 magno cœtu hominũ committitur: ex & ſparſo

60.0 277.0 579.0 38.0 poſtea illius facti rumore, & pluribus communi¬

57.0 309.0 581.0 43.0 cato, vti multa peccata priuatim & clàm primum

57.0 341.0 578.0 43.0 admiſſa poſtea ex fama innoteſcunt, & diuulgã,

55.0 375.0 582.0 41.0 tur. Ergo quæ delicta omnibus innotuerunt, ea

56.0 407.0 581.0 41.0 coram omnibus agnoſci operæpretium eſt, & de

55.0 440.0 582.0 40.0 ijs publicam in totius Eccleſiæ cœtu exomolo¬

57.0 475.0 578.0 42.0 geſin fieri oportet, ſi verum remedium morbo

54.0 506.0 229.0 37.0 adhibere velimus.

87.0 536.0 546.0 44.0 Quæ pluribus tantùm & non toti Eccleſię nec

51.0 571.0 582.0 41.0 maiori parti innotuerunt peccata, illa in ſenatu

49.0 604.0 581.0 40.0 tantùm Eccleſiaſtico:non autem coram vniuerſa

49.0 633.0 579.0 47.0 Eccleſia confiteri oportet, ne latiùs illud pate¬

50.0 667.0 382.0 37.0 fiat, quod occultum eſſe debuit.

81.0 697.0 545.0 44.0 Illa verò delicti noſtri, quo offendebatur Ec¬

47.0 730.0 580.0 45.0 cleſia, confeſſio publicè præſentéque tota Eccle¬

45.0 765.0 580.0 42.0 ſia facta, exomologeſis ſpeciali & antiquo nomi¬

45.0 797.0 580.0 43.0 ne dicta eſt, quemadmodum ex Latino Cypria¬

45.0 832.0 420.0 40.0 no, & Græcis ſcriptoribus apparet.

74.0 859.0 550.0 44.0 Hæc in vſu fuit etiã primis Eccleſiæ vetuſtiſſi¬

41.0 895.0 582.0 43.0 miſq; temporibus, vti ex hoc loco ſatis probari

44.0 928.0 577.0 40.0 quoq; poteſt: & ex Eccleſiaſtica hiſtoria penè to¬

42.0 961.0 580.0 42.0 ta Philippus imperator qui poſt Decium Romę

41.0 995.0 579.0 37.0 regnauit, ſic pœnituit, atq; confeſſus eſt, vt teſta¬

41.0 1024.0 577.0 42.0 tur Euſeb. lib.6.Hiſtor. cap. 34. Ecebolius quidã,

40.0 1059.0 580.0 39.0 etiam ex conſuetudine iam recepta, ſic peccata

37.0 1091.0 582.0 40.0 ſua agnouit Socrat. lib.3.cap.13. Theodoſius im¬

37.0 1122.0 579.0 43.0 perator, qui Maior dictus eſt, ſic ſuum delictum,

37.0 1155.0 580.0 52.0 quod erat publicum in Eccleſia Mediolanenſi a¬

463.0 1192.0 43.0 43.0 *.j.
