1000 1448
372.0 105.0 65.0 22.0 262

476.0 89.0 378.0 37.0 AD I. PAVL. AD TIM.

368.0 121.0 579.0 46.0 dignitate opinio. Primùm enim ſanciuerunt Ec¬

369.0 158.0 580.0 41.0 cleſiaſtici canones, vt vidua iunior, atque etiam

371.0 193.0 578.0 40.0 vt Monialis, quæ poſt votum nubit, inter diga¬

368.0 226.0 582.0 37.0 mos tantùm cẽſeretur, & reponeretur, can. Quot¬

371.0 258.0 577.0 35.0 quot 27. quæſt.I Poſt autem inualeſc ente ſuper¬

370.0 287.0 579.0 37.0 ſtitione ſancitum eſt, in eas aliquid acerbius. Vo¬

370.0 320.0 578.0 42.0 luerunt enim, vt ſi qua Monialis poſt votum nu¬

373.0 353.0 575.0 39.0 pſiſſet, vt non tantùm Sacramentorum vſu pri¬

371.0 386.0 576.0 38.0 uaretur: ſed etiam à toto Eccleſiæ cœtu excom¬

371.0 419.0 576.0 39.0 municaretur, quia votum de cœlibatu & conti¬

371.0 449.0 577.0 43.0 nentia violarat, quod Deo gratum eſſe falſò &

371.0 482.0 576.0 41.0 inſulſè crediderunt. Eſt hæc pœna conſtituta in

371.0 514.0 580.0 44.0 can. Virgines 27. quæſt.1.qui ex conſilio Eliberti¬

373.0 548.0 211.0 42.0 no decerptus eſt.

404.0 572.0 545.0 49.0 Sed iam quæ ſint illa offendicula, quæ præbẽt

371.0 612.0 580.0 36.0 viduæ iuniores ad Diaconatum electæ videamus.

371.0 644.0 577.0 41.0 Sunt autem imprimis hæc duo nimirum, quòd I

370.0 675.0 579.0 42.0 Inſtitutum vitæ genus in magnam contumeliam

371.0 707.0 578.0 41.0 Chriſti commutant magnam animi leuitatem &

370.0 741.0 578.0 39.0 carnis laſciuiã demonſtrantes. 2 In hoc ipſo vitæ

372.0 773.0 577.0 42.0 genere ſuſcepto ſi perſtent, magna tamen Eccle¬

368.0 805.0 580.0 41.0 ſiæ præbent offendicula, dum ſunt Otioſæ, Di¬

369.0 837.0 580.0 43.0 ſcurſatrices, Nugaces, Garrulæ. Cæterum cùm

370.0 871.0 578.0 38.0 improbat Paulus quod nubant hæ viduæ, quæ

370.0 902.0 577.0 38.0 iam electę ſunt, non ideo facit, quaſi ſecundas nu¬

370.0 937.0 578.0 39.0 ptias damnet, vel etiam tertias, & quartas, id

371.0 966.0 577.0 41.0 quod Montaniſtarũ hæreticorũ, aut Papiſtarum

370.0 998.0 578.0 44.0 Montanizantium propriũ eſt, ſed quòd tale quid

370.0 1031.0 579.0 42.0 fit, oritur ex animi magna, tũ Leuitate, quæ gra¬

369.0 1065.0 581.0 41.0 ues matronas & eas quæ ſunt hoc munus publicũ

369.0 1098.0 579.0 40.0 adeptæ, non decet: tum Laſciuia ſiue infreni ac

369.0 1128.0 579.0 43.0 indomita carnis petulantia, quam tamen abieciſ¬

370.0 1160.0 578.0 50.0 ſe debuerant, & exuiſſe. Id quod etiam cum Chri¬

876.0 1196.0 74.0 52.0 ſtiani
