1000 1448
254.0 103.0 178.0 24.0 CARVTV.

576.0 81.0 45.0 48.0 283

45.0 119.0 578.0 49.0 ſtiani nominis & doctrinæ contumelia coniun¬

46.0 159.0 577.0 42.0 ctum eſt. Irridetur enim Dei Eccleſia, quòd tam

46.0 191.0 575.0 44.0 leues homines habeat, vt qui munus à ſe ſuſce¬

47.0 224.0 576.0 43.0 ptum ſtatim abdicent, relinquant, & huic mundũ

45.0 257.0 577.0 44.0 & carnis delicias præferant. Quaſi Chriſtus à

45.0 289.0 573.0 44.0 ſuis parui fiat & contemnatur apertè etiam ijs,

45.0 321.0 577.0 45.0 ipſis qui tamen maiores in fide progreſſus feciſſe

45.0 355.0 149.0 39.0 videbantur.

78.0 385.0 547.0 46.0 Vox καταςρηνιάζην cum ſequenti, id eſt, χειςοͅ

43.0 419.0 581.0 45.0 conſtruitur. Eſt autem ςρηνιαζεην ἀπὸ τωὺ ςερεῖν vel

42.0 452.0 582.0 45.0 στρηνὲς deductum, quod durum ſignificat & perti¬

39.0 485.0 584.0 39.0 nax: qualia ſunt animantia nimium ſaginata. Ita¬

41.0 518.0 581.0 41.0 que ſunt petulantiæ plena & indomita, vnde ci¬

39.0 550.0 582.0 39.0 bus eſt illis detrahendus, vt in ordinem cogantur

38.0 583.0 582.0 39.0 & pareant, quemadmodum & Xenophon & i¬

39.0 614.0 581.0 39.0 pſa rerum experientia faciendum docet. Hac igi¬

38.0 647.0 583.0 41.0 tur ſimilitudine vtitur Paulus, vt carnis noſtræ

37.0 678.0 587.0 43.0 laſciuiam eò turpiorem ac fœdiorem eſſe demõ¬

37.0 711.0 582.0 48.0 ſtret, quòd brutis & petulantibus animalibus cõ¬

38.0 743.0 118.0 42.0 paratur.

67.0 777.0 553.0 44.0 Chryſoſtomus autem interpretatur hanc vocẽ

34.0 808.0 583.0 48.0 fornicari, ſed Apocalyp.18.verſ.7. & 9. explicatur

34.0 843.0 435.0 45.0 eo ſignificato, quo nunc accipimus.

69.0 881.0 545.0 49.0 12 Ex eo damnandæ quod primam fi¬

32.0 920.0 210.0 45.0 dem reiecerint.

64.0 966.0 558.0 47.0 Αʹὐξισις eſt. Amplificat enim harum iuniorum

34.0 999.0 588.0 45.0 viduarum laſciuiam à conſequenti, quòd hac ra¬

31.0 1033.0 585.0 41.0 tione, & vitæ genere tandem ſibi extremum exi¬

31.0 1065.0 582.0 42.0 tium acceaſant. Nam eò tandum prolabuntur,

32.0 1096.0 582.0 47.0 vt Munus à ſe ſuſceptum deſerãt, & Fidem ipſam

30.0 1130.0 583.0 43.0 primam Chriſto datam abnegent. Voces autẽ

28.0 1164.0 585.0 54.0 has πρώτηνπιςιν variè interpretes accipiunt. Alij
