1000 1448
374.0 104.0 58.0 26.0 230

493.0 86.0 385.0 40.0 AD I. PAVL. AD TIM.

374.0 122.0 579.0 47.0 vel in ſeſe:vel in ſua doctrina ineſſe animaduertat

373.0 162.0 580.0 41.0 corrigat, & emendet. Denique ea vitia potius à

373.0 191.0 577.0 45.0 ſeipſo, quàm ab aliis diſcat, ne videatur negligen¬

373.0 224.0 503.0 42.0 ter aut perfunctoriè officium ſuum facere.

423.0 256.0 529.0 40.0 Perſiſtat verò, id eſt, continuet, neque fatige¬

374.0 289.0 578.0 42.0 tur aut fathiſcat, néue ſuſceptum ſemel opus pro¬

375.0 320.0 575.0 45.0 pter infinitas penè moleſtias deſerat. Id enim eſt

374.0 354.0 577.0 40.0 non modò leuis animi: ſed etiam infidelitatis &

375.0 385.0 576.0 45.0 diffidentiæ de Dei miſericordia ſignum veriſsi¬

375.0 419.0 577.0 45.0 mum. Ergo perſeueret, quantunuis difficile opus

376.0 453.0 167.0 36.0 hoc videatur.

429.0 481.0 523.0 45.0 Finis tandem & fructus ſuauiſsimus, atque

375.0 515.0 579.0 43.0 adeò ſalutaris ſequitur, ſalus nimirum ipſius pa¬

375.0 547.0 577.0 40.0 ſtoris dum in munere ſuo obeundo fideliter Deo

376.0 580.0 576.0 45.0 paret. Habent enim in eo ipſo optimum miſeri¬

374.0 613.0 579.0 43.0 cordiæ Dei erga ſe teſtimonium paſtores, quia

375.0 647.0 576.0 40.0 opera bona ſunt noſtræ adoptionis & æternæ ſa¬

375.0 677.0 577.0 39.0 lutis certa teſtimonia & indicia, præſertim quæ

375.0 711.0 576.0 41.0 in cuiuſque vocationis opere implendo & obeũ¬

375.0 743.0 381.0 42.0 do apparent 1. Timoth.2. verſ.15.

423.0 773.0 531.0 41.0 Ipſius quoque gregis ſalus conſequitur, quia

377.0 811.0 577.0 36.0 ea ratione & per miniſterium Euangelij Domi¬

376.0 839.0 577.0 41.0 nus adducit ſuos ad ſalutem. Vnde Miniſtri Euã¬

378.0 872.0 574.0 41.0 gelici ſunt ſalutis hominum miniſtri & organa.

376.0 903.0 577.0 43.0 Deus autem ipſe eſt illius aurnor & cauſa. Eadẽ

377.0 937.0 577.0 44.0 phraſi alibi quoque vtitur ſcriptura, vt Iacob5.

378.0 972.0 576.0 39.0 verſ.21. Prouerb.23. verſ.14. Hæc autem magna

377.0 1002.0 579.0 42.0 laus eſt miniſterij Euangelici, per quod ſeruari

377.0 1036.0 577.0 43.0 dicimur, vti quod operarij cum Deo iidem mini¬

378.0 1069.0 317.0 50.0 ſtri vocantur 1. Corinth.3.

821.0 1153.0 128.0 54.0 CAP. V
