1000 1448
207.0 102.0 216.0 22.0 CARVT IIII.

588.0 86.0 43.0 37.0 185

53.0 119.0 578.0 51.0 tata eſt, nempe defectio à fide, & à ſana doctrina.

55.0 157.0 578.0 43.0 Doctores igitur appellat δαδολόγες: Eorum e¬

56.0 188.0 579.0 42.0 nim doctrina eſt falſa, & contraria veræ & ſanæ

54.0 221.0 579.0 41.0 doctrinę. Diſcipulos autem vocat ἀποςάτας & ho¬

55.0 255.0 580.0 44.0 mines leues, qui veritatem iam perceptam faci¬

56.0 286.0 578.0 47.0 le deſerunt, qua ſunt ingenij vanitate. Omnis er¬

57.0 319.0 579.0 45.0 go mali iſtius & ruinæ fons & origo ex eo eſt,

58.0 349.0 576.0 48.0 quod homines à verbo Dei deſciſcunt, & defi¬

57.0 382.0 580.0 45.0 ciunt ad vana animi ſui figmenta ſcilicet, & ad

57.0 415.0 579.0 48.0 impias ſuggeſtiones Sathanæ, quibus attendunt.

57.0 447.0 579.0 47.0 Dixit enim attendunt. Eſt autem attendere dili¬

57.0 482.0 581.0 44.0 gentem animi curam & operam ponere, &

56.0 512.0 581.0 49.0 non perfunctoriè vel leuiter aliquid deguſtare:

57.0 545.0 581.0 48.0 quod ſtatim deſeras: ſed magno ſtudio & diligẽ¬

57.0 577.0 580.0 49.0 ti noſſe, perquirere, & ediſcere. Sunt autem ho¬

57.0 610.0 581.0 45.0 mines nouarum rerum & blaſphemarum auidiſ¬

56.0 641.0 582.0 47.0 ſimi naturâ: ſed imprimis ij, qui huiuſmodi do¬

55.0 675.0 582.0 44.0 ctrinæ attendunt. Tempus quoque deſignauit

57.0 708.0 579.0 45.0 Paulus, nõ quidem tempora omnium nouiſſima:

56.0 740.0 583.0 46.0 ſed tantùm poſteriora. Quòd notandum eſt, vt

56.0 773.0 583.0 47.0 eo magis intelligamus, vtrum iſtum Pauli dictũ

56.0 806.0 581.0 48.0 ad Papiſtas pertinere poſſit, de quo ſeq. verſicu¬

58.0 847.0 126.0 42.0 lo agetur.

94.0 880.0 544.0 53.0 2 Per hypocriſin falſiloquorum, quorum

56.0 920.0 417.0 53.0 conſcientia cauterio reſecta eſt.

86.0 966.0 553.0 45.0 Εʹπεξεσγασία, Operoſè enim & diligenter Pau¬

56.0 998.0 584.0 48.0 lus ſingula notat, quæ in ipſis hæreſeon authori¬

57.0 1030.0 582.0 44.0 bus ſunt obſeruanda, vt eæ ſint nobis magis dete¬

56.0 1065.0 584.0 45.0 ſtabiles, & earũ cauſæ magis turpes & fœdæ appa

56.0 1098.0 581.0 43.0 reãt. Itaque obſeruanda ſunt encomia, quæ iſtius

55.0 1127.0 582.0 45.0 doctrinæ authoribus hîc à Paulo tribũntur. Tri

54.0 1163.0 582.0 54.0 buit igiturhis, Hypocriſin, & Conſcientiam cau
