1000 1448
385.0 107.0 73.0 24.0 184

489.0 94.0 383.0 37.0 AD I. PAVL. AD TIM.

379.0 126.0 580.0 42.0 teriatam iſtis inquã, authoribus hæreſeon, quos

380.0 160.0 344.0 44.0 δαδελόγος quoque appellat.

410.0 194.0 549.0 37.0 Hypocriſin hîc quidam referunt ad eorum do¬

376.0 225.0 583.0 40.0 ctrinam, qui varijs ſuperſtitionibus & cæremo¬

375.0 259.0 583.0 41.0 niis verum Dei cultum corrumpũt. Hunc enim

378.0 293.0 580.0 40.0 prætextum accipiunt hæretici & impoſtores ho¬

378.0 324.0 581.0 42.0 mines, quo melius mendacia ſua tegant, vt eſt

375.0 356.0 582.0 42.0 Coloſſ.2. verſ.23. nimirum quòd auguſtiorem,

374.0 388.0 583.0 43.0 ſanctiorémque Dei cultum inducere ſe iactent

374.0 423.0 582.0 39.0 & cogitent. Itaque in eorum ἐθελοθρησκέία &

373.0 453.0 582.0 41.0 ſuperſtitioſo cultu apparet & humilitas, & ab¬

374.0 486.0 580.0 40.0 ſtinentia quædam macerarióque corporis maior

374.0 518.0 580.0 41.0 quàm in reliquis hominibus. Et quanquam peſſi¬

373.0 550.0 582.0 42.0 ma conſcientia præditi ſunt, neque ſint ipſi ſibi

374.0 583.0 581.0 42.0 conſcij ſe quod agunt, propter Dei gloriam age¬

371.0 615.0 584.0 39.0 re: hunc tamen fucum & prætextum purioris &

372.0 647.0 583.0 40.0 ſanctioris Dei cultus, clamoſiſsimè obtendunt.

374.0 681.0 429.0 34.0 Sic quidam vocem hanc explicant.

403.0 712.0 552.0 41.0 Alij hypocriſin ad impudentem potius auda¬

370.0 745.0 584.0 35.0 ciam, qua vtuntur, referunt, cùm eo hominum

372.0 781.0 582.0 38.0 genere nihil ſit magis effrons & impudens. Id

371.0 809.0 582.0 43.0 quod etiam docet Paul.2. Timoth.3. Mihi verò

373.0 843.0 580.0 41.0 videtur Paulus hîc tria complexus eſſe, nempe

370.0 876.0 581.0 42.0 1 Doctrinam ipſam. 2 Mores. 3 Internum

370.0 909.0 581.0 39.0 affectum animi. Sanæ, doctrinæ opponitur tum

371.0 938.0 579.0 42.0 quod ſuprà dixit eam doctrinã Diabolicam eſſe:

369.0 972.0 581.0 41.0 tum quod hoc loco vocat iſtos εαδολόγος, vel

369.0 1007.0 583.0 38.0 δαδολογίας: vt alij legere malunt hoc loco. Mori¬

369.0 1035.0 580.0 45.0 bus ſanctis opponit Paulus iſtorum hypocriſin,

369.0 1068.0 399.0 41.0 vti ferè in ſcriptura opponi ſolet.

405.0 1100.0 544.0 42.0 Interno animo affectui recto & pio, qualis in

367.0 1135.0 583.0 40.0 veris doctoribus ineſt, opponit Paulus conſcien¬

369.0 1165.0 581.0 53.0 tiam eam, quam cauterio notatam & infectam

867.0 1208.0 82.0 38.0 vocat,
