1000 1448
242.0 92.0 257.0 23.0 CABVT. V 2

65.0 104.0 576.0 52.0 verſ.8.vtraque pœna in rebelles indicitur: ciuilis

66.0 140.0 576.0 48.0 & Eccleſiaſtica ſiue excõmunicario, quia vtriuſq;

67.0 174.0 576.0 48.0 partis noſtræ Dominus author eſt. Eſt enim pec¬

68.0 207.0 573.0 47.0 catum totius ſuppoſiti actio, itaque totum ſup¬

70.0 241.0 374.0 46.0 poſitum ad pœnam ipſe exigit.

102.0 270.0 542.0 51.0 Ergo in Dei Eccleſia vſum habere debet ex¬

72.0 311.0 192.0 38.0 communicatio.

100.0 335.0 546.0 49.0 Quæritur autem, quid ſit excommunicatio.

73.0 370.0 573.0 45.0 Ac dubitari non poteſt, eam eſſe cenſuræ & coer¬

71.0 401.0 577.0 46.0 citionis Eccleſiaſtieæ ſpeciem quandàm. Ergo

72.0 433.0 578.0 48.0 ſic eam definiunt nonnulli, vt generaliter eſſe ve¬

71.0 465.0 579.0 48.0 lint à qualibet ſocietate fidelium hominum ſe¬

72.0 497.0 581.0 50.0 parationem: itémque ab aliquo, vel omnibus do¬

72.0 529.0 581.0 46.0 nis Dei in Eccleſiam effuſis interdictionem &

74.0 561.0 578.0 51.0 publicam hominis ſcelerati prohibitionem. Ve¬

74.0 594.0 576.0 48.0 rum hęcdefinitio generalior eſt. Vnde ſic rectius

75.0 626.0 579.0 49.0 definiri poteſt excommunicatio, vt ſit vel ab ipſo

77.0 660.0 575.0 47.0 Eccleſiæ cœtu toto & ſocietate: vel ab aliquo

77.0 694.0 577.0 45.0 Dei dono, quod quidem omnium Chriſtianorũ

77.0 725.0 577.0 46.0 commune ſit, publica & legitima interdictio ſiue

77.0 758.0 578.0 48.0 ſeparatio hominis impuri & non pœnitentis. Ex

78.0 789.0 578.0 50.0 quo fit, vt à quibuſdã, velutià Scholaſticis duplex

77.0 826.0 577.0 42.0 excõmunicatio ſtatuatur, vna nimirũ Minor, quæ

78.0 855.0 576.0 44.0 eſt interdictio tantùm à Sacramentis, vel ab vno

81.0 888.0 577.0 45.0 eorũ, non autẽ à cœtu Eccleſiæ: altera Maior, per

81.0 920.0 576.0 47.0 quam non tantùm à Sacramentis, ſed ab ipſo to¬

81.0 951.0 577.0 50.0 to Eccleſiæ cœtu quis ſeparatur, quam ipſam e¬

81.0 987.0 577.0 43.0 tiam diuidunt in Excommunicationem quæ ap¬

83.0 1017.0 577.0 46.0 pellatur hoc nomine: & Anathema, cuius etiã fit

83.0 1049.0 577.0 45.0 mentio apud Paulum Galat.1.& 1.Corinth.16. &

84.0 1086.0 290.0 43.0 alibi in ſcriptis Patrum.

115.0 1111.0 545.0 52.0 Qui inter Hebræos iſta ſcrupuloſius & diligẽ¬

85.0 1148.0 577.0 53.0 tius ſcrutantur, ſanctionis legis conſtituunt ge¬

489.0 1183.0 76.0 44.0 B.iuij.
