1000 1448
387.0 94.0 50.0 25.0 310

506.0 76.0 376.0 42.0 AD I. PAVL. AD TIN.

382.0 109.0 579.0 47.0 bus conuicti damnari poſſint prorſus impunita¬

382.0 147.0 578.0 42.0 tem peccandi dat Epiſcopis. Quod tamen canon:

380.0 179.0 581.0 43.0 Placuit 2.quæſt.4. continetur. Item illa clericorũ

382.0 212.0 580.0 42.0 præuilegia, per quæ vetantur in vniuerſum Laici

381.0 244.0 579.0 39.0 clericos accuſare, & inter clericos ipſos ij, qui in¬

382.0 276.0 579.0 41.0 ferioris ſunt gradus, prohibentur ſuperiores

381.0 308.0 579.0 37.0 deferre, aut in eos teſtimonium dicere, ſunt o¬

380.0 339.0 580.0 43.0 mnino tollenda & abroganda, tanquam nefandiſ¬

378.0 372.0 580.0 44.0 ſima omnium ſcelerum in Epiſcopis vela. Atque

381.0 405.0 576.0 43.0 illa omnia latè 2.quæſt.7. per totum explicantur.

410.0 440.0 546.0 37.0 Feneſtram enim ad nequitiam patefaciunt, &

378.0 469.0 578.0 43.0 nullum Epiſcoporum corrigendorum locum re¬

380.0 504.0 560.0 42.0 linquunt, planéque pugnant cum mente Pauli.

412.0 546.0 543.0 50.0 20 Eos qui peccant, coram omnibus ar¬

382.0 587.0 356.0 45.0 gue, vt & reliqui timeant.

411.0 625.0 542.0 45.0 Alter canon de pœna Preſbyterorum ſic con¬

379.0 662.0 578.0 41.0 uictorum. Eſt autem hic, vt Presbyteri, qui pu¬

379.0 693.0 577.0 42.0 blicè & notoriè peccarunt, publicè, id eſt, in cœ¬

388.0 726.0 348.0 41.0 tu totius Eccleſiæ arguantur.

409.0 756.0 549.0 42.0 Ratio autẽ eſt, ꝙ huiuſm odi crimina & facta,

381.0 789.0 576.0 43.0 quæ pluribus teſtibus probantur, etiam antequã

379.0 823.0 578.0 40.0 delata ſunt, pluribus ſunt nota, præſertim verò ſi

379.0 855.0 577.0 36.0 à Presbyteris commiſſa fuerint. Verè enim ille

378.0 887.0 577.0 36.0 Nam lux altiſſima fati, Occultum nihil eſſe ſinit.

377.0 920.0 578.0 38.0 Cùm igitur crimina illa pluribus iam innotuerũt,

377.0 955.0 579.0 37.0 & in ore hominum & cognitione verſantur, ſunt

378.0 985.0 576.0 39.0 iam publica. Ex quo fit, vt etiam ſint publica cẽ¬

374.0 1016.0 580.0 43.0 fura notanda, & publicè arguenda, quemadmo¬

376.0 1049.0 376.0 38.0 dum hoc loco præcipit Paulus.

408.0 1080.0 546.0 40.0 Deinde cùm Presbyteri cæteris exemplo eſſe

375.0 1113.0 579.0 44.0 debeant vitæ ſanctitate, ita & pœnitentia, ſi deli¬

377.0 1150.0 577.0 47.0 querint:& cenſura atque caſtigationc, ſi non reſi¬

855.0 1180.0 99.0 47.0 puerint
