1000 1448
209.0 110.0 129.0 22.0 CAPVT

346.0 110.0 38.0 21.0 V..

568.0 92.0 36.0 44.0 29

43.0 127.0 576.0 45.0 niores viduæ Chriſtianæ nubunto, & liberos ſuſ

45.0 166.0 572.0 41.0 cipiunto, familiáſque ſuas habento, quas curent,

45.0 199.0 571.0 36.0 & adminiſtrent, vt omnia ſuperiora mala euitent,

44.0 232.0 572.0 35.0 & omnem nominis Dei blaſphemandi occaſio¬

42.0 263.0 574.0 39.0 nem cuilibet calumniatori & aduerſario adimãt.

44.0 295.0 573.0 37.0 Singula vero huius canonis verba momẽtum &

45.0 327.0 572.0 40.0 pondus aliquod habent. Volo, inquit Paulus. Pri¬

43.0 358.0 574.0 43.0 mum videtur alienum ab Apoſtolica dignitate &

43.0 392.0 574.0 39.0 doctrina præceptum, mulieribus iã plus nimiò nu

42.0 423.0 575.0 42.0 pturiẽtibus & nuptiales lætitias concupiſcẽtibus

41.0 456.0 573.0 41.0 præcipere vt nubant, Illud enim eſt oleum adde¬

41.0 489.0 576.0 40.0 re camino, nõ autẽ frigidam ſoffundere, vel laſci¬

41.0 522.0 574.0 41.0 uas illas carnis libidines extinguere Reſp. Du¬

42.0 555.0 577.0 39.0 plici nomine hoc præceptum ſubiiei à Paulo, 1.vt

41.0 588.0 576.0 40.0 ecquod ſit optimum vitæ genus, quod viduæ iu¬

40.0 619.0 577.0 41.0 niores eligere debeant, vt ſint ædificationi, do¬

41.0 654.0 574.0 38.0 ceat. Nec em ad nuptiales lętitias eas inuitat Pau

40.0 682.0 577.0 43.0 lus, ſed docet quæ ſit ratio omnium ſuperiorũ of

40.0 715.0 574.0 42.0 fendiculorũ tollendorum. 2. vt non minus Deo

39.0 748.0 576.0 43.0 gratas eſſe, quę nubunt, quàm quæ viduæ manent

37.0 781.0 577.0 42.0 cõtra ſuperiores errores, de quibus. c.4. ſup. dixit

37.0 814.0 576.0 37.0 demonſtret. Nã ex hoc ipſo apparet ſecundas nu

37.0 847.0 576.0 38.0 ptias in mulieribus à Paulo minimè dãnari, imò

39.0 878.0 574.0 40.0 verò & iuberi & probari, nedum vt viris ſint

36.0 911.0 575.0 38.0 interdicte. Q as tamen Papiſtę ex Encratitarum

37.0 942.0 316.0 40.0 deliriis & hęreſi damnant.

65.0 973.0 548.0 43.0 Quæſitum eſt autem ad quas viduas hoc præ¬

37.0 1009.0 576.0 39.0 ceptum pertineat, vtrum ad eas tantùm, quæ

34.0 1038.0 578.0 42.0 ſunt pauperes, an ad omnes: Vtrum etiam ad eas

35.0 1073.0 577.0 40.0 tantum, de quibus ad Diaconatum eligendis a¬

34.0 1104.0 579.0 41.0 ctum eſt in eccleſia:an ad quaſlibet. Reſp. Ad om

32.0 1136.0 581.0 44.0 nes. Id quod ex ratione, quę ſubiecta eſt, apparet

32.0 1171.0 581.0 51.0 manifeſtè. Non minus enim diuites, quàm pau¬
