1000 1448
589.0 97.0 54.0 42.0 243

232.0 106.0 179.0 26.0 CAPVT V.

63.0 123.0 578.0 46.0 mo iudice, delegati, qui paſtores in Eccleſia præ

61.0 161.0 579.0 44.0 ficiuntur. Et vt inter ipſos delegatos nullus ſine

62.0 193.0 579.0 40.0 ſacrilegio & læſæ maieſtatis crimine ſummi ma¬

64.0 226.0 577.0 44.0 giſtratus ius ſibi vindicare poteſt: ita nec in Ec¬

61.0 258.0 581.0 44.0 cleſia vel vniuerſa, vel particulari quiſquam ius

61.0 292.0 580.0 39.0 ſummi paſtoris & ipſius capitis ſine aperta in

60.0 322.0 579.0 44.0 Chriſtum blaſphemia nomẽ ſibi tribuere debet.

63.0 353.0 578.0 46.0 Quod item obiiciunt, olim ſub lege fuiſſe inter

62.0 387.0 577.0 42.0 Leuitas vnum quendam ſummum ſacrificatorẽ

60.0 419.0 581.0 44.0 & Sacerdotem, habet facile reſponſum. Quia cer¬

59.0 452.0 582.0 41.0 tis figuris ſub lege, Chriſti dignitas, vti Sacrificiũ

59.0 484.0 580.0 43.0 adumbrabatur, donec ipſe apparuiſſet, fuiſſe vnũ

61.0 518.0 577.0 39.0 quendam inter multos fratres ſummum Sacer¬

59.0 549.0 579.0 43.0 dotem, qui Chriſti figura erat. Itaque fuit ea res

57.0 580.0 584.0 45.0 legalium cæremoniarũ pars, quæ omnes Chriſti

57.0 612.0 580.0 46.0 aduentu abolitæ ſunt, & quæ ſine piaculo à Chri¬

57.0 645.0 453.0 43.0 ſtianis in vſum reuocari non poſſunt.

88.0 677.0 549.0 46.0 Nec efficit etiam quicquam hæc quorundam

57.0 713.0 579.0 42.0 obiectio, qui idcirco purant ab vno quodam (cui

57.0 741.0 578.0 46.0 hæ partes ſunt totius Eccleſiæ conſenſu deman¬

57.0 774.0 579.0 44.0 datæ) veluti Epiſcopo, aut ipſius officiali, cenſurã

56.0 806.0 581.0 47.0 Eccleſiaſticã fieri, quia quod agit, vt delegatus ab

57.0 839.0 578.0 45.0 vniuerſa Eccleſia agit, non vt priuatus. Delegatio

57.0 873.0 578.0 42.0 enim iſta nunquam vel ab Eccleſia fieri, vel à

57.0 904.0 578.0 46.0 quoquam ſuſcipi ſana conſcientia poteſt, cum

54.0 937.0 579.0 44.0 alium ordinem ad ſeipſam regendam inſtituere

55.0 967.0 578.0 45.0 Eccleſia ipſa vniuerſa non poſsit, quàm illum,

57.0 1002.0 576.0 44.0 quem Chriſtus & ipſius Apoſtoli pręſcripſerunt,

56.0 1035.0 577.0 43.0 & obſeruari præceperunt. Illi autem regiam iſtã

57.0 1066.0 578.0 44.0 vnius in Eccleſia regenda authotatem, vti docui¬

55.0 1099.0 579.0 42.0 mus, ſiue per vſurpationem, ſiue per delegationẽ

55.0 1131.0 579.0 43.0 inſtitutam damnarunt. Neque enim vti homines

55.0 1163.0 580.0 52.0 in rebus politicis, quæ ad hanc corporis vitam

465.0 1205.0 41.0 46.0 q.ij.
