1000 1448
583.0 89.0 48.0 46.0 271

257.0 101.0 168.0 22.0 CARVTV.

53.0 112.0 576.0 59.0 legimus primam & Apoſtolicam eccleſiã ab ip¬

53.0 151.0 575.0 50.0 ſo ſui exordio habuiſſe mulieres Viduas, impri¬

53.0 184.0 573.0 51.0 mis ad certa quædam & quotidiana tum erga v¬

53.0 217.0 574.0 51.0 niuerſam eccleſiam ipſam, tum erga fideles pau¬

52.0 250.0 575.0 50.0 peres & egenos fratres miniſteria deſtinatas, quæ

52.0 281.0 574.0 51.0 poſtea Diaconiſſæ ad imitationem marium, qui

50.0 312.0 575.0 53.0 Diaconi dicebãtur, appellatę ſunt. Sic enim Phœ

51.0 344.0 574.0 52.0 ben appellat Paulus Rom.16.verſ.1. Cur autem

49.0 377.0 576.0 52.0 id factum ſit & inductum in eccleſiam quæri po¬

50.0 411.0 573.0 51.0 teſt. Nam non modò Paulus 1. Corint.14. & ſupr.

47.0 446.0 576.0 46.0 2.vetat mulieres loqui in eccleſia, & publicum

48.0 477.0 576.0 49.0 aliquod munus gerere:ſed etiam quæcunque le¬

48.0 510.0 572.0 49.0 ges politicæ rectè vtriuſque ſexus diſcrimen ag¬

43.0 542.0 578.0 46.0 nouiſſe videntur, quales ſunt Romanæ, idem fa¬

44.0 571.0 575.0 52.0 ciunt. Illis enim mulier prohibetur publicum ali¬

46.0 605.0 572.0 50.0 quod munus exercere l. Mulier.5.de Regul. Iuris.

43.0 637.0 575.0 50.0 Cur igitur & ſibi ipſi iam non conſentire vide¬

41.0 670.0 575.0 49.0 tur Paulus: & rectè cõſtitutum illud inter mares

41.0 702.0 576.0 49.0 & fœminas diſcrimen tollere, atque adeo natu¬

39.0 733.0 576.0 53.0 ræ ipſi tanquam aduerſari? Reſp.neque ſibi, ne¬

42.0 768.0 574.0 50.0 que naturę repugnare hoc Pauli pręceptum: vel

38.0 799.0 574.0 52.0 antiquiſſimum illum eccleſiæ Chriſtianę morẽ,

40.0 833.0 576.0 49.0 quę huiuſmodifœminas ad pauperum miniſteriũ

37.0 865.0 576.0 48.0 accerſiuit, dedítque illis in eccleſia munus atque

35.0 896.0 578.0 50.0 aliquam dignitatem: publicam quidem ratione

33.0 929.0 578.0 50.0 fructus & vtilitatis, quæ ad omnes ex ea proue¬

33.0 962.0 579.0 49.0 niebat. priuatam autẽ ratione iniunctæ ipſis pro¬

32.0 994.0 577.0 50.0 uinciæ, & deſcripti deffinitíq; certis auguſtiſque

30.0 1025.0 580.0 50.0 finibus carum muneris. Differunt enim hę Dia¬

31.0 1058.0 579.0 51.0 coniſſæ, atque earum munus à Diaconis: quòd

28.0 1090.0 581.0 50.0 Diaconi toti ærario eccleſiaſtico & curę vniuer¬

29.0 1123.0 580.0 50.0 ſorum eccleſię pauperum præficiuntur: hę verò

28.0 1158.0 579.0 55.0 certo cuidam miniſterio tantùm, atque adeo ſub
