1000 1448
368.0 93.0 491.0 43.0 262 AD I. PAVL. AD TIM.

366.0 125.0 580.0 52.0 cultui intereſſe aſsiduè, quod hîc deſcribitur: &

366.0 162.0 578.0 49.0 pauperum curam habere, ac ea, quæ prodeſſe illis

366.0 195.0 578.0 48.0 poſſunt, parare, quod faciebat Dorcas. Vnum c¬

366.0 230.0 285.0 45.0 nim alterius comes eſt.

407.0 269.0 538.0 49.0 6 At quæ in luxu viuit, ea viuens mor¬

366.0 310.0 106.0 50.0 tua eſt.

403.0 356.0 542.0 48.0 Αντίθεσις eſt, eáque duplex, Vna quidem, quæ

366.0 389.0 579.0 47.0 ſuperiorem ſententiam illuſtrat ex contraria vi¬

366.0 421.0 580.0 47.0 duæ deſcriptione. Altera, quæ in lpſius verſiculi

367.0 454.0 578.0 46.0 ſententia, quanquam breuiſsima, latet, habétque

369.0 487.0 577.0 47.0 magnam emphaſin, pulchrámque inſolentis vi¬

369.0 518.0 577.0 49.0 duæ picturã, quam inf. verſ. 13. copioſiùs poſtea

369.0 556.0 240.0 44.0 perſequitur Paulus.

399.0 580.0 547.0 49.0 Primum igitur laſciuientem & luxu diffluen¬

367.0 615.0 579.0 47.0 tem viduam opponit veræ viduæ Paulus. Neque

366.0 646.0 580.0 46.0 enim huiuſmodi ab Eccleſia ali vult, imò potius

367.0 680.0 579.0 50.0 ſeriò admoneri, vt exitium ſuum intelligat & ap¬

369.0 716.0 577.0 45.0 prehendat. Vocat autem eam παταλῶσαν, qua

370.0 744.0 576.0 45.0 voce idem ſignificare videntur Græci quod vo¬

370.0 777.0 577.0 45.0 cabulo ἐντρυφαν, vt apparet ex Iac.5. verſ.5. Eæ

370.0 810.0 579.0 46.0 verò ſunt huiuſmodi omnes, quæ cùm viris ſunt

370.0 841.0 576.0 45.0 orbatæ, delitiis, corporis voluptatibus, laſciuiæ

371.0 873.0 575.0 49.0 indulgent, item ſumptuoſis veſtimentis, magnis

371.0 906.0 573.0 48.0 virotum cœtibus inuiſendis delectantur, ſéque

370.0 942.0 577.0 42.0 ita & corpore & vultu & cultu componunt, co¬

372.0 972.0 575.0 46.0 munt, & comparant, vt viris placeant, arrideant,

371.0 1002.0 577.0 47.0 ac allubeſcant, quales penè ſunt hoc noſtro ſecu¬

371.0 1034.0 576.0 47.0 lo infinitæ. Itaque illę etiam ipſo Dei flagello

371.0 1069.0 575.0 46.0 miſerrimæ gaudent, & lętantur, quòd viros ſuos,

371.0 1100.0 576.0 44.0 id eſt, optimum vitæ ſuæ ſubſidium amiſerint.

374.0 1133.0 572.0 47.0 Nam hac ratione ſe ad omnem laſciuiam perpe¬

371.0 1164.0 577.0 57.0 trandam liberiores eſſe iam putant. Certum eſt

859.0 1203.0 87.0 35.0 autem
