1000 1448
389.0 86.0 489.0 40.0 264 AD I. PAVL. AD TIM.

388.0 118.0 581.0 46.0 de voto non nubendi ſumunt, quaſi ab ijs inter¬

386.0 154.0 585.0 44.0 poni huiuſmodi votũ ſolitum fuerit, cùm eligebã¬

386.0 189.0 583.0 42.0 tur: quod nullo certè ſcripturæ loco probari po¬

386.0 220.0 583.0 42.0 teſt. Alij de fide Chriſto in Baptiſmo data:alij de

385.0 255.0 584.0 41.0 munere Diaconatus acceptato, quod diligenter

386.0 286.0 582.0 42.0 ſe præſtaturas eſſe, in eóque perſeueraturas polli¬

386.0 320.0 583.0 40.0 cebantur. Quod poſtea cùm nubendi pruritu &

386.0 352.0 583.0 34.0 libidine deſerunt, fidem à ſe datam violant, ac

383.0 385.0 584.0 42.0 frangunt. Sed ea ſententia magis placet arg. verſ.

383.0 418.0 585.0 41.0 15.infrà, quæ fidem primam refert ad eam pro¬

386.0 449.0 583.0 40.0 miſſionem, quæ primum fit à Chriſto nobis in

384.0 481.0 584.0 42.0 Baptiſmo, quam reiicere dicuntur, quæ à fide

386.0 512.0 581.0 44.0 Chriſti & profeſsione Euangelij poſtea deficiũt,

383.0 544.0 584.0 43.0 & ad Gentiliſmum, vel priorem idololatriam

382.0 579.0 586.0 40.0 reuertuntur. Sic Athanaſ.explicat lib.6. de Tri¬

383.0 611.0 585.0 39.0 nit. Hierony. in præfat. ad Tit. Vincentius Lyrĩ¬

382.0 645.0 585.0 40.0 nenſis, & eſt ſimilis locus Apocalypſ.2.v.3. Veritæ

385.0 678.0 587.0 36.0 enim probrum inter Chriſtianos propter eam a¬

381.0 708.0 587.0 41.0 nimi ſui leuitatem malunt prorſus à Chriſto de¬

381.0 740.0 586.0 38.0 ſciſcere, quàm huiuſmodi contumelias audire &

382.0 775.0 585.0 39.0 pati. Nicolao, de quo eſt in Actis Diacono id ſanè

381.0 806.0 586.0 41.0 accidiſſe narratur, qui ne opinionem leuitatis &

379.0 838.0 589.0 37.0 temeritatis inter Chriſtianos ſubiret, maluit cõ¬

380.0 872.0 585.0 44.0 dere nouam hæreſin, nouum ſibi cœtum collige¬

381.0 905.0 338.0 34.0 re, & ab Eccleſia diſcedere.

415.0 937.0 551.0 39.0 Quæ autem hîc narrat Paulus, rerum ipſarum

381.0 968.0 585.0 41.0 experientia edoctus didicerat, quemadmodum

381.0 999.0 165.0 42.0 ipſe teſtatur.

419.0 1030.0 549.0 57.0 13 Simul autem etiam otioſæ diſcunt

378.0 1078.0 593.0 49.0 circumire domos: imo non ſolùm otioſæ, ſed

379.0 1116.0 588.0 55.0 etiam nugaces & curioſæ, garrientes quæ nõ

382.0 1157.0 115.0 49.0 oportet.

878.0 1195.0 90.0 45.0 Alters
