1000 1448
232.0 103.0 176.0 24.0 CAPVT. V.

588.0 82.0 32.0 49.0 365

53.0 119.0 574.0 48.0 gati euangelij, & fructus, qui inde multus emer¬

54.0 157.0 575.0 38.0 git, cõ ſideratio non cõfirmat huiuſmodiomnino

53.0 189.0 576.0 42.0 illegitimã vocationem, vti neque fœtus enatus il¬

53.0 222.0 575.0 40.0 legitimã copulã, quæ interceſsit inter adulteros.

89.0 254.0 538.0 42.0 Vitium autem iſtud tolli poteſt, ſi poſtea ordi

53.0 287.0 575.0 43.0 ne & legitimè vocetur is, qui primum illegitimè

55.0 320.0 302.0 35.0 in miniſterio verſabatur.

86.0 347.0 547.0 43.0 Qui autem ex parte tantùm eſt illegitimè ele¬

53.0 385.0 577.0 36.0 ctus & vocatus, veluti: ſi per Simoniam quis mu¬

54.0 417.0 578.0 42.0 nus adeptus ſit, & non legitimo populi vel ſena¬

55.0 450.0 576.0 35.0 tus eccleſiaſtici conſenſu, conſenſu tamen gradũ

53.0 482.0 580.0 41.0 obtinet, non eſt habenda pro omnino nulla huiuſ

54.0 515.0 576.0 40.0 modi vocatio, ſed vitium illud eſt corrigendum

52.0 547.0 577.0 41.0 Itaque iſti ſacramẽta conferre poſſunt, quia vtcũ

56.0 579.0 573.0 40.0 que non omnino verã & ſatis legitimam vocatio

54.0 610.0 575.0 42.0 nẽ habeant: habent tamen aliquam. Sic Scribę &

54.0 640.0 575.0 45.0 Phariſæi in Cathedra Moſis ſedebant. Sic Caia¬

55.0 676.0 574.0 41.0 phas in pontificatu ſummo erat, quem pretio re¬

53.0 708.0 576.0 42.0 demerat. Itaque exẽplo & Apoſtolorum, & Chri

52.0 740.0 577.0 41.0 ſti ipſius, qui eos monuit & reprehendit non autẽ

50.0 772.0 577.0 41.0 ſeceſſionem à corpore eccleſiæ fecit, ab iis nos ſe

53.0 807.0 574.0 39.0 gregare in alium cœtum non debemus, nec à to¬

52.0 838.0 575.0 39.0 to eccleſiæ corpere. ( Id enim eſſet Donatiſtarũ

52.0 871.0 572.0 38.0 hæreſim reuocare) ſed pacem eccleſiæ, quantum

52.0 902.0 576.0 38.0 in nobis eſt, colere nos oportet, etſi iſtud vitium

53.0 934.0 575.0 42.0 quod in eorum perſonis & electione inhæret,

52.0 971.0 576.0 36.0 damnare oportet: & quantum poſſumus tum e¬

54.0 1002.0 465.0 34.0 mendare, tum etiam emendatum velle.

84.0 1031.0 541.0 41.0 Hac ratione fit, vt etiã à ſacrificulis Papiſticis

52.0 1064.0 575.0 40.0 collatus Baptiſmus nõ ſit in eccleſia Dei repeten

53.0 1098.0 575.0 40.0 dus: à priuato autem collatus idem baptiſmus ſit

50.0 1131.0 579.0 41.0 tamen repetendus, & pro nullo habendus. Etſi e¬

49.0 1163.0 577.0 46.0 nim in eccleſia Dei illegitimam vocationem Pa¬
