1000 1448
364.0 107.0 51.0 34.0 388

480.0 95.0 376.0 41.0 AD I. PAVL. AD TIM.

353.0 123.0 577.0 53.0 in cælis. Item & illud Bernardi, paſtorum eſt vi¬

356.0 163.0 575.0 49.0 gilare ſuper gregem propter tria neceſſaria, ni¬

355.0 197.0 575.0 44.0 mirum ad diſciplinam, ad cuſtodiam, ad preces.

356.0 225.0 575.0 52.0 In diſciplina rigor iuſtitiæ: in cuſtodia ſpiritus

355.0 259.0 574.0 46.0 conſilij: in precibus affectus compaſſionis requi¬

356.0 292.0 575.0 45.0 ritur. Cenſura verò hæc eſt multiplex, vti ſupra

357.0 324.0 573.0 42.0 eſt demonſtratum. Reſtat autem vt de excom¬

358.0 357.0 572.0 45.0 municatione dicamus, quia de reliquis generibus

357.0 389.0 573.0 44.0 cenſuræ Eccleſiaſticæ quid ſtatuendum ſit, ex ijs,

358.0 423.0 570.0 45.0 quæ hoc ipſo capite dicta ſunt à nobis, facile po¬

358.0 454.0 572.0 46.0 teſt intelligi. Ergo de excommunicatione dica¬

357.0 487.0 531.0 45.0 mus, de qua ſeptem hæc fære quæri ſolent.

383.0 522.0 547.0 41.0 1 Vtrum excommunicatio habere locum in

358.0 551.0 252.0 45.0 Dei Eccleſia debeat.

384.0 587.0 275.0 42.0 2 A quo fieri debeat.

383.0 617.0 421.0 45.0 3 Propter quas cauſas fieri debeat.

383.0 651.0 328.0 43.0 4 Quomodo fieri debeat.

417.0 682.0 270.0 44.0 Quando fieri debeat.

382.0 710.0 549.0 48.0 6 Quis eius finis eſſe debeat, id eſt, ad quem

362.0 748.0 135.0 38.0 finem fiat.

392.0 777.0 368.0 45.0 7 Quis illius factæ ſit effectus.

359.0 812.0 386.0 43.0 Hæc ſingula ordine explicemus.

391.0 840.0 542.0 44.0 Ac quidem, vtrum excommunicatio locum in

360.0 874.0 572.0 42.0 Eccleſia habere debeat, dubitari non poteſt. Pri¬

359.0 907.0 575.0 45.0 mùm, propter Dei ipſius præceptum ita fieri iu¬

360.0 939.0 574.0 44.0 bentis: deinde propter perpetuum ipſius Eccle¬

359.0 974.0 575.0 37.0 ſiæ vſum. Ac præceptum Dei tum in veteri, tum

360.0 1003.0 574.0 40.0 nouo teſtimonio extat varijs in locis. Iam inde

358.0 1035.0 575.0 45.0 ab orbe condito, & ab ipſis mundi initijs excõ¬

358.0 1067.0 575.0 41.0 municationem fuiſſe ex Dei præcepto conſtitu¬

357.0 1099.0 576.0 45.0 tam apparet ex Geneſ.4.v.14. & 16.17.item Ioſue

356.0 1131.0 578.0 41.0 6.verſ.18. Exod.1o.verſ.8. & alijs locis veteris Te¬

352.0 1164.0 581.0 53.0 ſtamenti. In nouo etiam extat præceptum Chri¬

898.0 1191.0 36.0 46.0 ſti
