1000 1448
250.0 109.0 131.0 25.0 CAPVT

383.0 109.0 40.0 26.0 V.

61.0 127.0 585.0 48.0 firmandi diſtinct.5o. qui planè & apertiſsimè cũ

61.0 164.0 358.0 45.0 hoc Pauli præcepto pugnant.

95.0 198.0 551.0 44.0 Quæſitum eſt quoque, quoties in vita fieri pu¬

61.0 230.0 585.0 44.0 blica hæc exomologe ſis poſsit. Reſpond. Augu¬

62.0 262.0 584.0 45.0 ſtinus in epiſtola ad Macedoniam ſemel tantùm

61.0 296.0 584.0 41.0 in vita, ne vileſcat Eccleſiæ authoritas: aut ne

64.0 327.0 580.0 45.0 fiant audaciores homines ad peccandũ, ſi ſæpius

61.0 361.0 582.0 43.0 in vita cuiquam liceat publicè pœnitere canou.

63.0 393.0 584.0 44.0 Quanuis cautè diſtinct. 50. Sed cùm nulli pecca¬

63.0 426.0 583.0 42.0 tori pœnitenti ſit ſpes veniæ, & remiſsionis pec¬

61.0 461.0 585.0 40.0 catorum deneganda: toties in vita fieri hæc pu¬

60.0 490.0 586.0 42.0 blica cõfeſsio poteſt, quoties quis eo modo deli¬

62.0 523.0 584.0 43.0 quit, quo iuſtè publica confeſsio indici atque im¬

62.0 557.0 583.0 40.0 poni debet. Et iſte fuit certè nimius Patrum ri¬

63.0 588.0 581.0 40.0 gor, & penè Nouatianorum error, nimiáque au¬

60.0 620.0 583.0 42.0 ſteritas, quæ homines ad deſperationem tandem

59.0 653.0 585.0 39.0 adducebat, quaſi denegata peccatorum remiſsio¬

62.0 686.0 582.0 42.0 nis impetrandæ ſpe. Quoties igitur vocat ad ſe

61.0 718.0 584.0 40.0 peccatorem Dominus, toties ille eſt ab Eccleſia

59.0 749.0 585.0 42.0 admittendus!, etiã in die ſeptuageſies ſepties, vti

61.0 781.0 579.0 47.0 docet Chriſtus ipſe Matth. 18.niſi (vti diximus)

59.0 815.0 292.0 39.0 velimus eſſe Nouatiani.

87.0 847.0 553.0 44.0 Præclarè verò Bernard. quatuor eſſe docet,

60.0 880.0 581.0 45.0 quæ nos à publica hac exomologeſi deterrent,

61.0 915.0 581.0 40.0 quæ ſunt omnino nobis & cauenda & debellan¬

59.0 947.0 584.0 40.0 da, ſi peccauerimus Sunt autem illa quatuor, Pu¬

58.0 976.0 584.0 45.0 dor, Timor, Spes, Deſperatio. Itaque rectè idem

59.0 1011.0 582.0 42.0 Ad milit. Templi cap.12. Et quidem verbum in cor¬

57.0 1044.0 584.0 42.0 de pectoris operatur ſalutiferam contritionem. Ver¬

58.0 1077.0 582.0 41.0 bum verò in ore noxiam tollit confuſionem, ne impe¬

57.0 1107.0 586.0 46.0 diat neceſſariam confeſſionem. Ait enim ſcriptura. Eſt

57.0 1142.0 583.0 42.0 pudor adducens peccatum, & est pudor adducens

59.0 1176.0 579.0 49.0 gloriam. Bonus pudor est, quo peceaſſe, aut certè pec¬

469.0 1209.0 64.0 54.0 x.iij.
