1000 1448
365.0 105.0 68.0 31.0 294

481.0 90.0 373.0 41.0 AD I. PAVL. AD TIM.

365.0 121.0 578.0 51.0 tis viceſimum quintum: ſed poſtea receptum in¬

363.0 161.0 579.0 44.0 ſtitutúmque eſt, vt ſtatim poſt annos pubertatis,

364.0 191.0 578.0 43.0 id eſt, poſt duodecimum ætatis annum poſſet,

366.0 222.0 576.0 47.0 quę votum ordinis & vitæ Monaſticæ ſuſcepiſſet

365.0 254.0 578.0 46.0 etiam à Prælato conſecrari cano. Puella 2o. queſt.

366.0 287.0 578.0 47.0 2. quem ex concilio Triburienſi ſumptum eſſe

366.0 322.0 577.0 43.0 volunt. Ante autem duodecimum ætatis annum,

366.0 353.0 579.0 45.0 ne ex parentum quidem iuſſu & confirmatione,

367.0 386.0 579.0 41.0 votum ab ijs factum ratum eſſet conſtitutum eſt.

366.0 418.0 578.0 42.0 Denique ne qua inuita in Monaſterium detrude¬

366.0 451.0 579.0 45.0 retur, ſed ſi qua ergaſtulum illud iubentibus pa¬

367.0 485.0 579.0 42.0 rentibus eſſet ingreſſa, decimo quinto anno æta¬

367.0 515.0 580.0 45.0 tis interrogetur à Pręlato de voto, cui ſi ipſa non

368.0 547.0 578.0 42.0 aſſentitur, ne votum ante illam ætatem factum o¬

367.0 581.0 579.0 44.0 mnino valeat. Sic can. Firma can.Sicut & ſeq .20.

369.0 611.0 577.0 47.0 quęſtione I.ſancitum eſt, à quibus tamen hodie

366.0 644.0 581.0 47.0 planè diſceſſum eſt. Coguntur enim etiam an¬

367.0 675.0 581.0 48.0 tequam penè vſum rationis habeãt miſerę puel¬

366.0 709.0 582.0 46.0 lulę, vt ſe in Monaſterium aliquot detrudi ſinant,

367.0 740.0 585.0 49.0 quòd vel non ſatis formoſę ſint, vel cęteris liberis

368.0 773.0 583.0 47.0 pars hereditatis maior accreſcat his in piſtrinum

367.0 811.0 374.0 42.0 iſtud & Monaſterium relegatis.

402.0 835.0 549.0 50.0 Quæ virgo vel vidua votum ipſa ſibi impoſue¬

371.0 871.0 578.0 42.0 rat, & habitum Monialis aſſumpſerat domi ſuę

371.0 907.0 579.0 43.0 vel in ædibus patris: non autem ab Epiſcopo vel

371.0 936.0 580.0 48.0 pręlato illud acceperat, primum poterat illud, ſi

372.0 971.0 578.0 42.0 vellet poſtea deponere, neque cogebatur in eo

372.0 1000.0 578.0 46.0 vitę ſtatu inuita permanere, niſi fuiſſet poſtea ab

370.0 1033.0 580.0 45.0 Epiſcopo conſecrata. Pòſt autem aliud decretum

369.0 1066.0 582.0 43.0 eſt. Nam neque deponere illud velum potuit, ac

370.0 1098.0 581.0 45.0 ne ea quę illud priuatim domi ſuę aſſumpſerat:

368.0 1129.0 580.0 46.0 ſed cogetur etiam ante conſecrationem factam

369.0 1163.0 582.0 46.0 in eo ſtatu & habitu permanere perpetuo vitæ

366.0 1194.0 585.0 54.0 tempore, & Monaſterium ingredi can. Si quis ſa¬
