1000 1448
382.0 102.0 77.0 29.0 248

485.0 86.0 383.0 41.0 AD I. PAVL. AD TIM.

413.0 115.0 541.0 49.0 Quod autem quidam exiſtimant, vbi eſt verè

377.0 152.0 579.0 46.0 Chriſtianus Magiſtratus, ibi nullam eſſe cenſurã

377.0 184.0 578.0 44.0 Eccleſiaſticam debere, illi certè Eccleſiaſticam

378.0 217.0 576.0 46.0 & Politicam iuriſdictionem inter ſe peſſimè cõ¬

377.0 250.0 577.0 46.0 fundunt. Deinde non vident ſe refutari Exod.1o.

377.0 281.0 577.0 47.0 vbi & Eccleſiaſtica cenſura, & pœna politica locũ

377.0 315.0 577.0 45.0 in vno & eodem homine & negotio habet, di¬

376.0 350.0 268.0 40.0 uerſo tamen reſpectu.

402.0 378.0 550.0 45.0 Auguſtinus certè vixit ſub imperatorib' Chri¬

376.0 413.0 577.0 43.0 ſtianis, & tamen idem lib.11.de Geneſ.ad lite. cap.

378.0 444.0 576.0 45.0 4o. docet ſolitos eſſe Epiſcopos vti aduerſus ſcã¬

377.0 479.0 577.0 38.0 daloſos homines excommunicatione & cenſura

377.0 510.0 576.0 41.0 Eccleſiaſtica. Item confirmatur, omnibus Syno¬

377.0 542.0 577.0 44.0 dis, quæ ſub Chriſtianis imperatoribus habitæ

378.0 574.0 575.0 44.0 ſunt, vbi cenſuræ Eccleſiaſticæ & confirmatæ &

375.0 606.0 578.0 46.0 retentæ ſunt. Idem denique, ſi quis hoc etiam

378.0 640.0 576.0 42.0 genus probationis admittat tota 24. quæſt. 4

377.0 670.0 575.0 46.0 Sed & Deus ipſe pœnam exigit à nobis ſcelerum

374.0 705.0 580.0 42.0 noſtrorum tum in corpore, tum in anima. Nec ea

375.0 736.0 578.0 45.0 ſane eſt duplex pœna: ſed vna tantùm. Tanta e¬

375.0 769.0 576.0 45.0 nim peccato debetur, & ea, per quam & animus

376.0 806.0 573.0 40.0 & corpus peccatoris puniatur, quia peccatum

376.0 834.0 436.0 45.0 hominis & totius ſuppoſiti actio eſt.

407.0 864.0 544.0 45.0 Quibus expoſitis iam accedamus ad ipſa Pau¬

376.0 897.0 574.0 45.0 li verba. Diſtinguit autem hoc loco homines,

377.0 928.0 574.0 47.0 Paulus ab Ætate, & Sexu. Ab ætate, alii ſunt Se¬

376.0 961.0 578.0 43.0 niores, alij Iuniores. A ſexu, alij ſunt Mares, alij

378.0 995.0 573.0 42.0 Fœminæ. Hîc enim πρωβυτέρων vocem ad ætatem

375.0 1026.0 578.0 44.0 refero, non autem ad dignitatem Eccleſiaſticam,

376.0 1060.0 574.0 43.0 quemadmodum tamen ſæpe accipitur, velut inf.

375.0 1091.0 573.0 44.0 verſ.17.19. & 1. Pet.5 verſ.1. Id quod ex ἀντιθέσει &

375.0 1125.0 573.0 43.0 voce νεωτέρςυς apparet. Cur autem hæc præce.

376.0 1155.0 573.0 54.0 pta danda exiſtimauerit Paulus, ratio eſt, quòd

838.0 1188.0 112.0 57.0 oporteat
