1000 1448
220.0 103.0 175.0 24.0 CAPVT V.

553.0 94.0 44.0 38.0 299

32.0 123.0 573.0 48.0 iam faſcinatus. Quod ſi ſecundæ nuptiæ non dam

32.0 160.0 571.0 38.0 nãtur, nec tertiæ Aug. lib. de fide ad Petr. cap.3.

32.0 193.0 573.0 42.0 in fine. Bernard.ſer. 66. cantic. eam quoque ſen¬

31.0 225.0 574.0 42.0 tentiam refutat quæ vult honeſtiora eſſe inter vir

33.0 259.0 499.0 41.0 gines connubia, quàm quæ iam nupſerunt.

63.0 287.0 541.0 46.0 Uiduas. Ex hoc loco apparet, quàm ſit laſci¬

32.0 323.0 573.0 42.0 uię dedita natura, & ingenium omnium hominũ:

32.0 355.0 572.0 44.0 ſed imprimis mulierũ, de quibus hîc agit Paulus:

34.0 390.0 571.0 40.0 quanquam tamen ab eo malo non ſunt mares li¬

31.0 419.0 574.0 42.0 beri & immunes. Nam & quæ.1. Corint.7. tradit

30.0 452.0 573.0 43.0 Paulus & hîc, æquè ad vtrunque ſexũ pertinent,

31.0 485.0 474.0 37.0 quod ſi offendiculum oritur, & naſcitur.

61.0 517.0 543.0 39.0 Iuniores ſexaginta annis ſuprà definiuit Pau¬

27.0 549.0 575.0 41.0 lus: non quod tamen omnes, quæ ea ætate mino¬

28.0 581.0 574.0 42.0 res ſunt, nubere velit: ſed eas tantum, quæ liberos

28.0 612.0 572.0 42.0 ſuſcipere, & familias adminiſtrare poſſunt. Nam

26.0 645.0 577.0 43.0 ſi quæ 5o annos nata eſt, vel ea ſit corporis conſti

28.0 678.0 572.0 46.0 tutione, vt hæc mala fugiat, illi nullam legem

28.0 710.0 226.0 38.0 dat Paul.hoc loco.

55.0 742.0 544.0 46.0 Nubere Tria præſcribit, in quibus omne mu¬

27.0 774.0 572.0 44.0 liebre officium contineri videtur. Nimirum Nu

25.0 807.0 573.0 46.0 bere, liberos procreare familiã adminiſtrare. Nu

24.0 840.0 574.0 45.0 bere. Hoc pertinet, vti diximus, ad ſecundas nu¬

26.0 872.0 571.0 45.0 ptias: & ſi iam ſecundò nupſerat, & vidua reſtet,

25.0 907.0 573.0 43.0 ad tertias & quartas & quintas nuptias, qualis

23.0 937.0 577.0 46.0 illa, de qua Hierony. ait, ſepties eã nupſiſſe. Erat

28.0 970.0 571.0 45.0 Vercellis apud Inſubres. Liberos procreare

25.0 1003.0 574.0 45.0 τεκνογονεῆν. Quid ſignificet vide ſuprà, cap:2.ver.15.

49.0 1035.0 546.0 41.0 Oἰκοδεσ ωοτεῖν Eſt in verbis Græcis ομοιτελευτὸν,

24.0 1069.0 574.0 39.0 & orationis ornatus. Hoc autem ἐκοδεσποτειν eſt

22.0 1098.0 575.0 47.0 familiam adminiſtret, non vt marito ſuo præſit,

20.0 1133.0 578.0 47.0 & ſit ſuperior vxor, ſed pro eoiure, quo debet

20.0 1171.0 576.0 45.0 tanquam mater familiâs cæteris quidem præ¬

541.0 1201.0 55.0 54.0 eſſe
