1000 1448
380.0 110.0 76.0 29.0 268

471.0 97.0 390.0 42.0 AD I. PAVL. AD TIM.

376.0 129.0 576.0 52.0 ipſo naturę inſtinctu tãtum impulſa, id quod cer

376.0 168.0 578.0 44.0 tè verum eſt. Obſtare autem videtur huic cõpa¬

376.0 198.0 576.0 48.0 rationi quòd Infidelitatis & cõtempti muneris

376.0 231.0 578.0 47.0 notam ferè facit ἀσορίαν Paulus, vti in epiſtola ad

379.0 264.0 576.0 43.0 Roma 1.verſ.31.2. Timoth.3. verſ.3. At hîc etiam

378.0 297.0 576.0 41.0 σοργάς φυτικὰς Infidelibus hominibus relinquit.

379.0 332.0 576.0 40.0 Reſp. Docere Paulum, cùm ita Roma.1.verſ.31. lo

381.0 362.0 575.0 42.0 quitur: quò tandem delabantur infideles, qui

381.0 398.0 577.0 38.0 Deum contemnunt: non propterea tamen eos

380.0 429.0 577.0 40.0 omnes, qui cæleſtis veritatis luce deſtituuntur,

381.0 458.0 576.0 47.0 ἄςτόργυς eſſe omninò pronuntiare. In quibuſdã. n.

382.0 491.0 576.0 48.0 infidelibus manent iſtæ ſtorgę. At obiici poteſt,

383.0 524.0 575.0 48.0 Multi infideles fuerunt ἀςτοργον, & ſuorum negli¬

383.0 555.0 576.0 49.0 gentes, quos etiam feris ac beſtiis ſępè obiece¬

382.0 586.0 579.0 51.0 runt ac expoſuerunt. Reſpon. Paulum hîc loqui

382.0 621.0 579.0 46.0 de iis, qui naturam humanam non prorſus exue¬

382.0 653.0 580.0 46.0 runt quales inter eos ſunt multi: qui naturales il¬

383.0 682.0 579.0 49.0 los & inſitos à Deo omnibus hominibus affe¬

384.0 716.0 579.0 49.0 ctus retinẽt & ſentiunt. Diſputat hîc inſulſè Tho

385.0 748.0 579.0 50.0 mas, vtrum ex hoc Pauli dicto colligi debeat pa¬

386.0 781.0 579.0 45.0 tres fideles ſuorum liberorum & domeſticorum

386.0 815.0 581.0 46.0 negligentes, eſſe ἀπλῶς & omnino peiores & de¬

387.0 846.0 580.0 46.0 teriores infidelibus & ethuicis, vt nullaiam in re

389.0 882.0 578.0 44.0 iis ſint pręferendi: ſed ſint vtrique inter ſe æqua

390.0 911.0 578.0 46.0 les & per omnia conferendi, adeò vt quemadmo

391.0 943.0 578.0 45.0 dum infideliũ paruuli baptizari non poſſunt, ne¬

391.0 975.0 580.0 45.0 que etiam iſtorum ſidelium paruuli baptizari de¬

392.0 1008.0 579.0 47.0 beant. Reſpõ Hoc Pauli dictum eſſe κατάτι acci¬

393.0 1040.0 577.0 50.0 piendum. Qyoad ipſos ſideles hypocritas, planè

393.0 1072.0 578.0 43.0 in exitium illis cedunt Dei dona vt mitior ſit fu¬

395.0 1105.0 580.0 43.0 tura conditio & pœna Sodomæ, quàm iſtorũ cõ¬

393.0 1138.0 580.0 48.0 temptorum Dei. Quòd autem ad ipſa Dei dona,

395.0 1170.0 579.0 55.0 qualis eſt baptiſmus ſuũ habent effectũ, & firma

921.0 1201.0 58.0 45.0 ſunt
