1000 1448
378.0 100.0 66.0 27.0 430

480.0 88.0 380.0 38.0 AD I. PAVL. AD TIM.

371.0 119.0 576.0 48.0 quæ propria ſunt ſui muneris, perfunctoriè & no¬

370.0 156.0 578.0 42.0 τιργως verſantur: in aliis autem rebus, quæ pro¬

371.0 186.0 577.0 44.0 priè ad eos non pertinent, ſeriò, aſſiduè & diligẽ¬

370.0 219.0 580.0 44.0 tius inſunt eáque ſatagunt. Faciunt enimη̃ργον πά¬

370.0 253.0 579.0 40.0 ρεργον: & πάρεργον ἔργον, vt ait Prouerbium vetus,

370.0 285.0 580.0 41.0 contra exemplum Apoſtolorum, qui cùm ſe vi¬

371.0 317.0 579.0 40.0 derent à vero ſui muneris officio propter curam

372.0 350.0 579.0 40.0 menſarum diſtrahi & auocari, quanquam ea res

371.0 383.0 581.0 36.0 & ſancta erat & pia, tamen voluerunt ſe ea cura

371.0 414.0 580.0 42.0 leuari, vt liberius meliûſque veris & potioribus

370.0 445.0 581.0 44.0 exercitijs ſuæ vocationis inſeruirent ac incumbe¬

370.0 480.0 582.0 40.0 rent. Nec valet hæc quorundam paſtorum, qui

371.0 510.0 583.0 43.0 ſunt πολυπράγμονςς excuſatio, quòd Reipubl. com¬

370.0 543.0 583.0 42.0 moditas, & ratio poſtulet, vt in iſtis ciuilibꝰ & ex¬

370.0 575.0 584.0 42.0 traneis rebus ipſi verſentur, & occupentur. Facit

370.0 607.0 582.0 40.0 enim hæc ratio, vt hodie quidam Epiſcopi potius

369.0 640.0 584.0 40.0 ſint militares Duces, vel Præfecti ærarij: vel fo¬

368.0 670.0 583.0 41.0 rẽſes iudices, vel Cãcellarij regni, vel Cõſili arij,

369.0 704.0 585.0 43.0 regni, quam paſtores, miniſtri & præcones verbi

370.0 735.0 582.0 45.0 Dei cœleſtíſque doctrinę, & pabuli gregi ſuo di¬

370.0 768.0 583.0 43.0 ſpenſatores. Denique quid illi Epiſcopatus eſt a¬

371.0 802.0 580.0 42.0 liud, quàm reditus quidam pinguis & opulentus

374.0 834.0 579.0 41.0 vel ad fruendas voluptates, vel ad familiæ onera

374.0 866.0 580.0 43.0 ſuſtinenda, quæ ampla eſt, interea dum alijs ne¬

374.0 900.0 581.0 42.0 gotijs vacant, quæ tamen ab Epiſcoporum mu¬

373.0 931.0 260.0 40.0 nere, ſunt alieniſſima?

421.0 962.0 533.0 41.0 Μελέτα Meditatio non eſt leuis quædam co¬

373.0 993.0 584.0 45.0 gitatio, ſed aſſidua & frequens eiuſdem cogitatio.

373.0 1028.0 583.0 41.0 nis repetitio, cura, & mentis volutatio, vt aptio¬

374.0 1059.0 582.0 43.0 res ad id, quod meditamur, fiamus. Sed non ſo¬

374.0 1091.0 583.0 44.0 lum horum præceptorum cogitationem requirit

375.0 1125.0 582.0 40.0 Paulus, imò verò etiam executionem & praxim,

373.0 1155.0 582.0 46.0 ne contemplatiuæ vitæ homines hinc ſibi patro¬

865.0 1189.0 93.0 46.0 cinium
