1000 1448
469.0 83.0 384.0 44.0 AD f. PAVL. AD TIM.

366.0 100.0 70.0 29.0 226

395.0 115.0 548.0 52.0 Spemautem coniungit cum doctrina Paulus,

363.0 148.0 579.0 57.0 cùm ait (quòd ſperemus in Deo) quia hæc cogni¬

365.0 185.0 578.0 51.0 tio, quæ Per fidem & Euangelium à nobis habe¬

366.0 215.0 576.0 52.0 tur, non eſt euanida quædam phantaſia de Deo,

365.0 247.0 578.0 52.0 ſed eſt huiuſmodi agnitio, quæ ſpem, eámq; cer¬

366.0 279.0 577.0 47.0 tã in Deo nobis afferat, & inſerat. In quo differt

369.0 312.0 576.0 51.0 à reliquo cognitionis genere. Nam aliæ ſunt tã¬

370.0 346.0 573.0 51.0 tùm in animo & intellectu verſantes cogitatio¬

368.0 377.0 578.0 53.0 nes, neque cor hominis mouent, afficiunt &

369.0 411.0 576.0 49.0 mutant, hæc verò etiam in corde ipſo eſt certi¬

370.0 442.0 577.0 51.0 ſsima fiducia, quòd afficit & inclinat ad Deum

368.0 474.0 580.0 49.0 amandum, eiúſque promiſsiones certiſsimè ſpe¬

370.0 507.0 579.0 48.0 randas & expectandas, vt eſt in cap. 5. Epiſtolæ

371.0 540.0 577.0 48.0 Pauli ad Romanos. Sed & vox hæc ſperamus pro

374.0 574.0 547.0 51.0 credimus poſita videri etiam hoc loco poteſt.

411.0 642.0 363.0 48.0 11 Hæc denuntia & doce.

407.0 697.0 546.0 51.0 Commendatio ſuperioris doctrinæ ab vtilita¬

375.0 732.0 579.0 48.0 te, quæ ex illius prædicatione colligitur. Eſt e¬

375.0 765.0 581.0 48.0 nim hæc vtilis doctrina, cuius prædicatio eſt ſic

374.0 800.0 581.0 43.0 à Paulo præcepta, vt & ſæpius inculcetur, & Pro

377.0 830.0 578.0 50.0 imperio & poteſtate miniſterii Euangelici pro¬

377.0 867.0 578.0 44.0 ponatur, vti Dei ipſius vox. Ergo comparatione

378.0 896.0 577.0 44.0 quadam ſuperiorem doctrinam magni eſſe in

377.0 929.0 578.0 43.0 Eccleſia momenti docet probátque. Nam

377.0 961.0 580.0 45.0 etſi alia capita doctrinæ doceri à paſtore debeãt:

380.0 995.0 578.0 43.0 hoc tamen doctrinæ caput, per quod falſus Dei

378.0 1025.0 576.0 45.0 cultus oppugnatur, inanes cæremoniæ & ſuper¬

375.0 1058.0 581.0 43.0 ſtitiones euelluntur, ſæpiſsimè & frequentiſsimè

374.0 1090.0 580.0 45.0 repeti, doceri, ac inculcari debet. Atque hoc fa¬

376.0 1123.0 580.0 39.0 ciendum eſſe affirmat Dei ſpiritus, id eſt, doctor

370.0 1155.0 586.0 53.0 ille, qui optimè nouit, de quibus ſedulò & ſæpius

831.0 1188.0 124.0 50.0 edocendi
