1000 1448
390.0 75.0 495.0 38.0 502 A D I. IAVE. AD TIM.

386.0 107.0 580.0 44.0 que donum Dei eſt, quæ quantum quidem in

384.0 142.0 582.0 40.0 nobis eſt, fouenda, ſuſtentanda, tuendáque eſt, vt

383.0 175.0 581.0 39.0 noſtro muneri ſatis eſſe poſſimus. Aliâs enim

384.0 208.0 581.0 40.0 noſtra culpa fit, quòd inutiles aut minus idonei

383.0 239.0 581.0 40.0 euadimus. Præclarum eſt exemplum veteris Ec¬

383.0 272.0 580.0 41.0 cleſiæ, quæ Alcibiadem quendam nimis auſterè

385.0 306.0 578.0 34.0 viuentem monuit, vt ea viuendi ratione abſtine¬

382.0 337.0 581.0 41.0 ret, vinúmque biberet. At que ille ſapienti Eccle¬

383.0 369.0 580.0 39.0 ſiæ conſilio paruit libens, vt refert Euſeb.lib.5.

384.0 402.0 580.0 42.0 Hiſto. cap.3. Vnde falſa & planè reſpuenda eſt

382.0 433.0 580.0 44.0 illa laus, quam Bernardus ſerm.6.in Pſal. Qui ha¬

382.0 466.0 581.0 44.0 bitat, quibuſdam Monachis tribuit, nimirũ quòd

382.0 501.0 579.0 40.0 variis corporis exercitiis & abſtinentiis cõtere¬

381.0 532.0 579.0 42.0 rẽtur ſupra vires, ſupra naturã, ſupráque conſue¬

382.0 563.0 579.0 40.0 tudinem. Malè quoque idem Bernard. ſermo.3o.

382.0 596.0 581.0 41.0 Cantic. Monachum te fore profeſſus es, non me¬

382.0 628.0 580.0 42.0 dicum: nec de complexione tibi iudicãdum, ſed

381.0 660.0 581.0 40.0 de profeſſione. Verior illa eſt eiuſdem Bern. ſen¬

382.0 693.0 580.0 42.0 tẽtia ſer. 1o.in Pſ. Qui habitat. Nec ſanè dixerim

382.0 726.0 581.0 42.0 vt vel ipſam odio habeas carnem tuam. Dilige eã

382.0 759.0 579.0 41.0 tanquam tibi datam in adiutorium, & ad æterne

381.0 792.0 581.0 38.0 beatitudinis conſortium præparatam: cæterum

380.0 826.0 581.0 36.0 ſic amet anima carnem, vt non ipſa in carnem

381.0 856.0 581.0 40.0 tranſijſſe putetur. Sed & illa quoque eiuſdem ſen¬

380.0 890.0 581.0 37.0 tentia ſermo. 4. in eundem Pſalmum veriſſima

382.0 922.0 580.0 40.0 eſt Dominum voluiſſe, vt in manna cęlitus com¬

380.0 954.0 581.0 41.0 pluta omnis ſaporis, omníſque odoris delectatio

380.0 986.0 580.0 36.0 ineſſet, vt liberum eſſe ciborũ vſum atque à Deo

381.0 1017.0 580.0 44.0 ſibi conceſſum homines intelligerent. Nam hîc

381.0 1049.0 579.0 41.0 vini vſum præſcribit Paulus, in quo ſuauitas vo¬

379.0 1083.0 580.0 42.0 luptáſque guſtus vnâ cum vtilitate coniuncta eſt,

382.0 1115.0 578.0 41.0 vt eſt Pſal.1o4.verſ.16.nec ignorauit Bernar.tam

382.0 1148.0 581.0 59.0 ſeueram vitæ rationem meritò illo etiam ſeculo

906.0 1177.0 56.0 43.0 dici
