1000 1448
373.0 91.0 69.0 23.0 Reo.

479.0 78.0 382.0 33.0 AD I. PAVL. AD TIM.

399.0 106.0 549.0 43.0 Hæc autem omnia locum demum habent

369.0 143.0 578.0 41.0 poſtquam publicè quis ex Eccleſia eiectus eſt:

368.0 176.0 579.0 39.0 nõ autem prius quàm publicè ſit excõmunicatus.

366.0 208.0 580.0 42.0 Et quod affertur ex Auguſt. lib. de Vnitate Ec¬

368.0 241.0 578.0 42.0 cleſiæ cap. 20. etiam antequam quis viſibiliter

367.0 273.0 576.0 43.0 excommunicatus ſit, præciſum eſſe ab Eccleſia,

368.0 305.0 576.0 42.0 pertinet ad mentis & conſcientiæ terrorem in¬

367.0 337.0 577.0 45.0 cutiendum & piam commonefactionem hæreti¬

367.0 372.0 576.0 41.0 corum hominum: non autem vt eos pari loco ha¬

367.0 402.0 577.0 43.0 beamus, atque qui iam palàm & totius Eccleſiæ

366.0 435.0 432.0 43.0 ſuffragio rectè ſunt excommunicati.

401.0 466.0 542.0 44.0 Videtur tamen omnibus, quæ hactenus dicta

365.0 501.0 579.0 38.0 ſunt, de effectis excomunicationis obſtare quod

363.0 533.0 580.0 39.0 ait Paulus, etiam excommunicatum, vt fratrem

365.0 564.0 577.0 44.0 eſſe agnoſcendum. Cui ipſi repugnat quod ait

362.0 597.0 580.0 39.0 Chriſtus Matth. 18. excommunicatum habendũ

360.0 628.0 582.0 44.0 eſſe pro Ethnico & infideli. Ergo nõ pro fratre.

362.0 662.0 579.0 42.0 Hæ ſententiæ in ſpeciem pugnantes ita primùm

360.0 694.0 576.0 43.0 ſunt inter ſe conciliandæ, vt quod ait Chriſtus,

361.0 726.0 580.0 44.0 non interpretemur ἀπῶς & κτι πάντα. Nec enim

359.0 760.0 580.0 42.0 omnino par aut æqualis debet iudicari excom¬

360.0 789.0 578.0 47.0 municati & infidelis conditio, ſed in quibuſdam

358.0 825.0 577.0 42.0 tantùm. Eſt enim diſſimilis vtriuſque ſtatus in eo

360.0 856.0 577.0 45.0 quod excommunicatus Baptizatus eſt: itaque

359.0 888.0 579.0 45.0 Chriſtianus & Prope eſt. At infidelis & Ethnicus

360.0 922.0 577.0 43.0 Baptizatus non eſt, & Procul eſt. Sed in eo eſt ſi¬

357.0 952.0 578.0 47.0 millima vtriuſque conditio, quòd legitimè &

356.0 985.0 578.0 43.0 verè excommunicatus. 1 vti & Ethnicus in

354.0 1016.0 582.0 46.0 Eccleſia non eſt, nec de Eccleſia 2 Quod nulla

353.0 1051.0 581.0 43.0 priuata & familiaris noſtra cum vtroque conuer¬

352.0 1082.0 582.0 45.0 ſatio eſſe debet. 3 Quod ſi vterque talis eſſe

352.0 1115.0 581.0 51.0 perſeueret, regno Dei vitáque æterna excludi¬

351.0 1152.0 53.0 36.0 tur.

843.0 1187.0 83.0 51.0 Quod
