1000 1448
608.0 103.0 44.0 51.0 211

241.0 118.0 209.0 29.0 CARVT IIII.

69.0 132.0 578.0 61.0 ſtra ſuſcipiuntur iſta vel ad breuiſſimum tempus.

69.0 172.0 574.0 51.0 Reſpond. Cùm iſta ſine cauſa & temerè fiunt,

66.0 203.0 580.0 53.0 fruſtrâ reuera ſuſcipi à nobis. Cùm autem ad car¬

65.0 241.0 581.0 45.0 nem laſciuientem domandam, vel vt paratiores

67.0 271.0 575.0 51.0 promptioréſque ad Deum precandum ſimus, nõ

65.0 304.0 581.0 51.0 fruſtrà: quanquam in ijs rebus tamen regnũ Dei

64.0 335.0 579.0 50.0 non eſt poſitum, ſed in vera fide, regeneratione,

64.0 369.0 578.0 52.0 ſpe, & obſequio eo, quod mandatis Dei præſta¬

64.0 404.0 55.0 31.0 tur.

94.0 430.0 548.0 54.0 Pietas autem ad omnia) Α'ντίθεCις eſt, ex qua ſu¬

62.0 468.0 579.0 46.0 perior ſententia illuſtratur. Pietatem autem vo¬

61.0 501.0 581.0 46.0 cat verum Dei cultum, qui ei ex ipſius verbo ex¬

59.0 530.0 582.0 50.0 hibetur. Primum autem hic fidem continet, dein¬

59.0 562.0 582.0 48.0 de charitatem: deinde cordis ſanctitatem & pu¬

57.0 594.0 582.0 53.0 ritatem, quę externis actionibus ſe patefacit. Hęc

59.0 629.0 578.0 49.0 vna res vtiliſſima eſt, & inf. capx̃. verſ.6. magnus

58.0 660.0 576.0 52.0 quæſtus appellatur. Cæterum exemplo Chriſti,

58.0 693.0 575.0 48.0 qui nihil præter cæterorum hominum morem

56.0 722.0 579.0 55.0 habuit: & Ioannis Baptiſtæ, qui iſtas exercitatio¬

54.0 759.0 581.0 50.0 nes retinuit, nec proptereà tamen Chriſto me¬

53.0 789.0 579.0 51.0 lior fuit, aut ſanctior:imò verò nec cum eo vlla in

53.0 823.0 579.0 50.0 re conferendus, hoc Pauli dictum perſpicuè con¬

51.0 855.0 580.0 51.0 firmatur. Fuit enim ſanctior illa Chriſti vita cõ¬

52.0 886.0 577.0 55.0 munis, quàm auſtera & rigida vita, quam tenuit

50.0 920.0 114.0 35.0 Ioannes.

79.0 952.0 550.0 49.0 Huius autem ſuæ definitionis & laudis de pie¬

49.0 987.0 579.0 48.0 tate argumentum Paulus profert ab effectu, vel

49.0 1017.0 579.0 48.0 ſigno, quòd pietas vera ſine his exercitationibus

49.0 1049.0 575.0 50.0 habet promiffiones, nimirũ vitæ, tum Pręſentis,

47.0 1081.0 579.0 53.0 tum futuræ. Magna certè laus veræ religionis. Sed

48.0 1118.0 577.0 47.0 cur vitæ præſẽtis promiſsiones habeat pietas, ra¬

47.0 1147.0 578.0 51.0 tio eſt, quòd Deus eſt ſuorum in vniuerſum &

49.0 1180.0 576.0 58.0 per omne tempus Pater & ουτὴς, non tantùm

463.0 1221.0 55.0 46.0 o.ij.
