1000 1448
240.0 94.0 179.0 17.0 ChRVIV.

601.0 74.0 36.0 50.0 385

63.0 105.0 580.0 51.0 & in eo magnum vſum habeat. Quare hic totus

65.0 143.0 577.0 43.0 locus hunc canonem vtiliſſimum, & valde neceſ¬

65.0 175.0 556.0 40.0 ſarium ex noſtra interpretatione continebit.

69.0 207.0 572.0 43.0 In cenſuris Eccleſiaſticis præpoſiti Eccleſiæ

63.0 239.0 578.0 48.0 ne temerè progrediuntor:ſed Deum ipſum præ¬

64.0 273.0 576.0 46.0 euntem ſequuntor, qui ſuo tempore bonos &

65.0 308.0 196.0 37.0 malos detegit.

92.0 334.0 547.0 48.0 Malos, antequam à Deo patefacti fuerint, præ¬

64.0 371.0 575.0 41.0 poſiti ne eiiciunto. Bonos autem, antequam i¬

64.0 403.0 573.0 44.0 pſis operib' tales apparuerint, ne ſpeciali hono¬

61.0 436.0 577.0 43.0 re præpoſiti decoranto: aut cæteris præferunto.

90.0 469.0 550.0 41.0 Horum autem omnium canonum ratio eſt illa

60.0 500.0 578.0 43.0 quam affert Paulus, quòd nimirum multorum

60.0 533.0 577.0 42.0 peccata ſæpe latent ídque diu: multorum etiam

58.0 564.0 579.0 44.0 ſæpe bona opera & candor animi & ſynceritas

58.0 596.0 576.0 44.0 diu occulta manet, ita Domino diſpenſante res

57.0 629.0 569.0 42.0 humanas e áſque adminiſtrante.

86.0 660.0 550.0 47.0 Cur autem id accidat magna ſapientíque Dei

58.0 694.0 578.0 45.0 prouidentia fit. Nam ſi quicunque ſunt improbi

57.0 726.0 576.0 48.0 & hypocritæ in Dei Eccleſia, ſtatim apparerent,

54.0 761.0 580.0 42.0 neque piorum fides explorari & probari tam

53.0 791.0 581.0 45.0 certò poſſet: neque pij ipſi tam officioſi in hoc

53.0 825.0 580.0 42.0 mundo viuerent, neque etiam tuti eſſent, ſed ab

54.0 856.0 576.0 46.0 impijs opprimerentur. Facit igitur hæc commi¬

52.0 890.0 581.0 42.0 ſtio, vt melius, certiúſque qui ſunt probi & veri

52.0 921.0 577.0 44.0 Dei ſerui manifeſti fiant, cùm, tã multis diffluen¬

52.0 953.0 581.0 44.0 tibus & eiectis, illi firmi tamen maneant. Sic hæ¬

51.0 987.0 582.0 43.0 reſes probant piorum fidem, quemadmodũ Pau¬

52.0 1019.0 580.0 43.0 lus ait ICorinth.11.verſ.19. Præterea ſi pij omnes

52.0 1051.0 580.0 44.0 agnoſcerentur, impij verò apertè quoque ſtatim

52.0 1083.0 582.0 44.0 oſtenderentur à Deo, nulla ſpes reſipiſcentiæ re¬

51.0 1114.0 582.0 46.0 licta illis videretur, omníſque noſtræ in delin¬

52.0 1149.0 581.0 49.0 quentibus conuertendis induſtriæ & charitatis

472.0 1183.0 49.0 50.0 B.j.

66.0 1188.0 82.0 35.0 11041
