1000 1448
359.0 103.0 60.0 30.0 *24

473.0 82.0 374.0 42.0 AD I. PAVL. AXTIX.

354.0 111.0 483.0 57.0 ἐνἰεκλνσία ιερκεγῆν φἐν ἐακλνσιά μὸ δυναται.

380.0 146.0 545.0 54.0 Iam verò ad Paulũ veniamus, & ea quæ requi¬

355.0 185.0 278.0 49.0 rit in iſtis Diaconiſſis.

381.0 210.0 548.0 53.0 Ne minor ſexaginta annis. Ratio eſt duplex,

358.0 246.0 576.0 51.0 quòd Iuniores oportet dare operam liberis & q

355.0 277.0 575.0 52.0 laſciuiunt quæ nondum eam ætatem attigerunt,

356.0 311.0 574.0 51.0 quia nondũ planè in iis extinctus eſt vigor gene¬

357.0 342.0 575.0 52.0 rãdi. Quæritur verò cur ſexageſimũ annũ ſtatuat

357.0 373.0 575.0 53.0 Paulus, eùm quinquageſimus annus fœminis cẽ¬

358.0 406.0 575.0 54.0 ſeatur prorſus ſterilis & infœcundus, vt vulgò an

356.0 439.0 578.0 53.0 notant interpretes in Luc.1 ver.36. & Iuriſconſul¬

356.0 471.0 581.0 50.0 ti in l.viuiC. de Caduc. Toſl. Reſp. Anno qudem

359.0 504.0 574.0 53.0 50. fieri vt plurimum ſteriles fœminas: non ta¬

357.0 533.0 576.0 53.0 mẽ ſemper. Quædam enim poſt 5o. annũ peperiſ¬

356.0 566.0 577.0 56.0 ſe dicuntur. Ac poſt oo nulla eſt, quæ concepiſſe

355.0 599.0 580.0 55.0 referatur, niſi miraculo id factũ ſit, & præter na¬

356.0 633.0 578.0 54.0 turæ ordinem, id quod Saræ vxori Abrahami ac¬

356.0 673.0 272.0 46.0 cidit Geneſ.18. verſ.ij.

855.0 662.0 22.0 21.0 .

378.0 695.0 558.0 58.0 In ſexagenariis autem fœminis videtur vigor il

357.0 728.0 578.0 59.0 Ie naturæ & prolificus prorſus periiſſe & defe¬

359.0 776.0 75.0 42.0 ciſſe.

389.0 795.0 546.0 52.0 Sed cur tantum tribuit ætati ſenili Paulus,

358.0 829.0 577.0 53.0 qui ſupra Timotheum adoleſcentem nobis com

358.0 859.0 577.0 55.0 mendabat.c.4. verſ. 12. Reſp. Chryſoſto, propriè

358.0 893.0 577.0 51.0 non tribuere Paulum id honoris ætati, quaſi ſe¬

359.0 925.0 576.0 54.0 Ragenariæ laſciuę fieri non poſſint: ſed quòd mi¬

358.0 958.0 579.0 53.0 nus in hac ætate offendicula illa naſcantur, quæ

358.0 990.0 578.0 54.0 euitanda poſtea docet. Neque enim ipſa per ſe

358.0 1022.0 581.0 54.0 ætas facit ſapientes vel prudentes homines: ſed

361.0 1059.0 577.0 47.0 Deus potius & rerum præteritarum experiẽtia.

361.0 1086.0 577.0 55.0 Deinde cùm leges ferantur de iis, quę ὥς ὀτι τὸ πο¬

362.0 1123.0 577.0 49.0 λὸ accidunt, non debet propter paucas aliquot

364.0 1154.0 574.0 61.0 ſexagenarias inſolentes toti etati ſuus honor

853.0 1184.0 86.0 45.0 detra¬
