1000 1448
239.0 94.0 174.0 21.0 CAEVT VS

576.0 74.0 56.0 49.0 401

55.0 111.0 577.0 45.0 & animarum ſalutem, quam adimit obſtinato:

56.0 148.0 575.0 39.0 non eſt autem pœna politica, vt quidam putant.

61.0 176.0 570.0 42.0 Vti enim diſtincta eſt iuriſdictio ciuilis, & Eccle¬

57.0 209.0 575.0 42.0 ſiaſtica:ita ſunt diuerſi vtriuſque fines, pœnæ di¬

57.0 246.0 576.0 38.0 uerſæ, & effectus diuerſi. Ciuilis enim iuriſdictio

57.0 278.0 576.0 38.0 in corpus aut bona hæc terrena exercetur: Eccle¬

56.0 308.0 577.0 41.0 ſiaſtica in animam ſiue conſcientiam, & in bona

57.0 341.0 574.0 43.0 æterna, quibus nos priuat. Itaque à paſtoribus

57.0 371.0 402.0 44.0 infligitur, non à ciuili magiſtratu.

89.0 406.0 545.0 36.0 Hominum autem ratione priuat excommuni¬

57.0 442.0 578.0 35.0 catio excommunicatum non omnium quidem

56.0 468.0 579.0 42.0 hominum: ſed Fidelium tantùm & Chriſtiano¬

54.0 502.0 580.0 38.0 rum communione. In quo quæritur, quanam cõ¬

56.0 533.0 575.0 40.0 munione Fidelium, vtrum omni prorſus com¬

57.0 567.0 576.0 37.0 munione cum Fidelibus: an certarum tantùm

55.0 599.0 578.0 38.0 rerum & bonorum cum ijs participatione & vſu

55.0 629.0 576.0 39.0 communi. Reſpondẽt Scholaſtici maiorem ex¬

56.0 666.0 576.0 37.0 communicationem priuare excommunieatũ o¬

55.0 695.0 576.0 39.0 mni licita cõmunione cũ Fidelibus, ſiue in bonis

54.0 728.0 577.0 37.0 ſpiritualibus, ſiue corporalibus, terrenis, & ciuili¬

55.0 762.0 576.0 35.0 bus. Nos in vniuerſum ſtatuimus, excommunica¬

55.0 796.0 576.0 39.0 tionem legitimam arcere per ſe excommunica¬

55.0 826.0 577.0 40.0 tum ab omnibus ſpiritualibus & communibus

56.0 859.0 578.0 40.0 bonis, quæ Dominus ſuæ Eccleſiæ, id eſt, omni¬

55.0 890.0 577.0 42.0 bus Fidelibus largitus eſt. Cùm enim excommu¬

55.0 923.0 577.0 41.0 nicati extra Dei Eccleſiam eiecti ſint, non ſunt ijs

55.0 955.0 577.0 42.0 magis, quàm canibus & porcis danda illa bona,

57.0 989.0 576.0 39.0 quæ Dominus ſuorum filiorum propria & pecu¬

56.0 1016.0 577.0 44.0 liaria eſſe vult, illíſque ſolis reſeruata, iuxta dictũ

56.0 1052.0 576.0 41.0 Chriſti. Non ſunt margaritæ obiiciendæ porcis:

55.0 1082.0 577.0 44.0 itémque illud, Non eſt bonum dare panem filio¬

54.0 1114.0 579.0 45.0 rum canibus Matrh.15. verſ.26.7. verſ.6. Alijs autẽ

55.0 1149.0 577.0 45.0 donis, quæ non ſunt generaliter omnibus veris &

460.0 1180.0 53.0 50.0 C.j.
