1000 1448
242.0 101.0 176.0 22.0 CARVN V.

583.0 85.0 51.0 41.0 247

57.0 117.0 580.0 49.0 mana ciuitas decreuiſſe. Ita explicatur etiam can.

57.0 154.0 222.0 42.0 Nullus diſtinct.63.

82.0 185.0 555.0 42.0 2 Obiicitur Paulus 1. Corin.5. qui conuocaſſe

58.0 218.0 578.0 43.0 videtur totam Eccleſiam, cùm ait verſ.4. vobis

58.0 250.0 578.0 44.0 & meo ſpiritu conuocatis in nomine Domini,

58.0 282.0 579.0 42.0 cùm de inceſtuoſo iudicando ageretur. Ergo ad

57.0 314.0 582.0 44.0 illius ſuffragia hæc cenſura pertinet.i. ad ſingulos

58.0 346.0 582.0 46.0 de populo. Reſp. Paulum decernere quidem quid

56.0 378.0 585.0 43.0 ſit faciendũ, ſed à Preſbyteris & à Senatu Eccle¬

58.0 411.0 584.0 47.0 ſiæ:id enim ſuffragijs populi non permittit. Ita¬

61.0 446.0 581.0 43.0 que non pertinet ad populum ea deliberatio:

58.0 477.0 583.0 45.0 ſed ad præpoſitos Eccleſiæ, populo aſſentiente.

60.0 509.0 581.0 43.0 Aiunt Quod ad omnes pertinet, ab omnibus fie¬

59.0 540.0 582.0 48.0 ri debet. Reſpond. ex Ambroſio in lib. de Digni¬

61.0 573.0 583.0 47.0 tate Sacerdotal. cap.3. Agi quidem debere à quo¬

61.0 607.0 580.0 45.0 que pro loco & munere, quod in Dei Eccleſia ge¬

61.0 639.0 583.0 43.0 rit. Aliud enim eſt, quod ab Epiſcopo requirit

65.0 671.0 579.0 40.0 Deus: aliud quod à Laico. Sed cùm ſint paſtores

63.0 703.0 582.0 42.0 & Preſbyteri Eccleſiæ ηγόμενοι, ad eos cenſuræ iu¬

63.0 736.0 581.0 45.0 dicium pertinet, ad quos eoſdem pertinet immo¬

61.0 769.0 583.0 45.0 rigeros Deo diuini iudicii metu iniecto com¬

64.0 800.0 579.0 47.0 peſcere. Ad totam verò Eccleſiam ſpectat diſce¬

63.0 834.0 581.0 44.0 re alieno exemplo, quenque Deo rebellẽ pœ¬

64.0 867.0 582.0 42.0 na eſſe dignum. ltaque publicæ cenſuræ in Eccle¬

65.0 899.0 583.0 43.0 ſia fieri debent ad ipſius ædificationem, & vt in¬

65.0 931.0 581.0 43.0 telligant omnes ſcelera in cœtu Chriſtianorum

66.0 962.0 581.0 45.0 non eſſe tolleranda in can. Certum eſt s ſed ad¬

66.0 995.0 581.0 42.0 huc 24.quæſt.4. Aliæ obiectiones afferuntur, ſed

66.0 1027.0 584.0 41.0 omnino leues. Executioni igitur publicæ cenſuræ

66.0 1059.0 580.0 40.0 interuenire debet notitia & conſenſus Eccleſiæ

68.0 1092.0 579.0 44.0 audientis & admonitæ de pœna ſcelerati homi¬

69.0 1125.0 579.0 47.0 nis & obſtinati:ipſius tamen iudicium & execu¬

71.0 1158.0 513.0 50.0 tio ad ſolos præpoſitos Eccleſiæ pertinet.

479.0 1190.0 64.0 55.0 q.iiij.
