1000 1448
235.0 99.0 211.0 21.0 CAAVT MIII.

584.0 73.0 41.0 50.0 185

50.0 114.0 579.0 50.0 vocat, id eſt, non ſanam, & rectam. Hæc autem

51.0 152.0 577.0 45.0 docent hæreticorum hoc loco deſcriptorum ne¬

53.0 183.0 576.0 47.0 que eſſe ſanam doctrinam, neque ſanctos mores

52.0 214.0 577.0 49.0 neque rectum animi affectum in ſuis illis com¬

53.0 248.0 577.0 47.0 mentis tradendis, quicquid illi tamen contra

53.0 279.0 576.0 47.0 prætendant & prætexant, vel perſuadere conen¬

56.0 321.0 117.0 36.0 tur.

78.0 343.0 551.0 47.0 Cauteriatam verò conſcientiam quam appel¬

52.0 375.0 581.0 48.0 let Paulus variè etiam quæſitum eſt. Alij enim

52.0 408.0 580.0 45.0 interpretantur putrẽ, & morbidam: alij nullam,

55.0 442.0 578.0 47.0 vt pote quæ iam perdita prorſus & exciſa ſit, vt

52.0 474.0 587.0 45.0 ſunt ea, que cauterio ambuſta ſunt: alij vexatam

55.0 510.0 576.0 47.0 & perpetuo Dei iudicio tanquam cauterio quo¬

54.0 539.0 579.0 49.0 dam ſſirbatam fluctuantem, & afflictam, atque

53.0 571.0 580.0 50.0 ipſe hanc poſtremam interprecationem ſequor.

54.0 604.0 579.0 45.0 Nam nulla non ineſt in ijs conſcientia, cùm eam

54.0 639.0 577.0 45.0 cauteriatam eſſe dicat Paulus, non autem deper¬

53.0 666.0 580.0 50.0 ditam. Putris quidem eſt, id eſt, malè ſana, ſed

56.0 701.0 577.0 47.0 quæ ſunt putria non ſunt huiuſmodi, vt nihil pla¬

54.0 733.0 580.0 47.0 nè ſentiant & omnino emortua ſint. Hîc conſciẽ¬

53.0 767.0 581.0 47.0 tiam explicat Paulus, quæ aſsiduè iudicio Dei vo¬

53.0 801.0 582.0 45.0 xetur & torqueatur propter malum teſtimonium

53.0 831.0 580.0 49.0 & hypocriſin, quam ſimulat, & propter finem

54.0 867.0 578.0 45.0 peſsimum, propter quem iſtos errores propagat,

55.0 897.0 579.0 47.0 cuius ipſa ſibi teſtis ac conſcia eſt, vt quæ ſit ἀυτο¬

56.0 931.0 578.0 50.0 κατακριτὸς vt idem Paul. loquitur Tit.3.verſ.10.

102.0 995.0 535.0 49.0 ? Prohibentium contrahere matrimo¬

53.0 1031.0 583.0 50.0 niũ, iubentium abstinere à cibis, qous Deus

55.0 1071.0 580.0 51.0 creauit ad participandum cum gratiarum a¬

54.0 1110.0 580.0 63.0 ctione, fidelibus, & ijs qui cognouerunt ve¬

54.0 1161.0 118.0 48.0 ritatem,
