1000 1448
354.0 105.0 57.0 47.0 276

462.0 91.0 376.0 45.0 AD I. PAVL. AD TIM.

352.0 121.0 578.0 60.0 quam eſt ex iniuſta cauſa repudiata à viro, tamen

353.0 157.0 576.0 56.0 eo viuo alteri non nubet, ſed propter vinculum

353.0 189.0 577.0 57.0 coniugij, & Dei præceptum, quandiu prior ille

354.0 222.0 576.0 53.0 maritus, à quo iniuſtè repudiata fuit, viuit, eſtque

355.0 255.0 575.0 56.0 ſuperſtes, alterius coniugio abſtinet. Quæ enim

356.0 291.0 574.0 53.0 ex iniuſta, vel potius nulla cauſa repudiatur, ma¬

356.0 321.0 576.0 56.0 net vxor: & vel recõciliari debet vel innupta ma

356.0 352.0 575.0 55.0 nere 1. Corinth.7. verſ.1o. Neque tamen impedi¬

358.0 386.0 573.0 54.0 tur, quæ ita immeritò repudiata eſt à viro, viro

358.0 418.0 576.0 56.0 ipſo ad alteras nuptias conuolante, quin & ipſa

358.0 452.0 576.0 55.0 alij nubere poſſit. Sed hoc præſertim in ea, quæ

358.0 484.0 576.0 55.0 in Diaconatum allegenda eſt, requirit Paulus,

359.0 521.0 575.0 51.0 quoniam maioris continentiæ ſignum & exem¬

360.0 550.0 577.0 53.0 plum in iſta muliere cerni debeat. Erit autem

360.0 580.0 578.0 53.0 hoc certiſſimum, ſi immeritò repudiata, tamen

360.0 613.0 576.0 54.0 alteri non nupſit, ſed continuit. Sed quid ſi meri¬

361.0 645.0 576.0 54.0 tò illa repudiata eſt, veluti propter adulterium,

362.0 674.0 575.0 59.0 vel quòd ipſaſit deſertrix coniugij? Nemo dubi¬

362.0 711.0 575.0 54.0 tare tunc poteſt, quin ea ad hoc munus eccleſia¬

360.0 740.0 578.0 66.0 ſticum eligenda omnino non ſit, ſed ab hochono

362.0 788.0 171.0 45.0 re ſit arcenda.

396.0 800.0 544.0 59.0 Vult autem Paulus, vt quæ eſt allegẽda, fuerit

367.0 837.0 573.0 57.0 Vxor. Ergo ſi fuit vel concubina, vel pellex, vel

366.0 874.0 575.0 52.0 meretrix eligi non poterit. neque enim ſine ma¬

367.0 904.0 576.0 55.0 gno eccleſiæ offendiculo tales cooptari in vllam

369.0 937.0 573.0 55.0 cecleſiaſticam dignitatem poſſunt, quãlibet pœ¬

368.0 983.0 103.0 41.0 niteant.

399.0 994.0 547.0 63.0 Ait Paulus. Quæ fuerit. Quid ſi adhuc illa ſit v¬

367.0 1032.0 578.0 58.0 xor, etiam in illa ætate ſexagenaria, num allegi &

367.0 1065.0 579.0 57.0 aſciſci poterit, cùmillud, quod de epiſcopo ſuprà

369.0 1100.0 577.0 51.0 dicitur, Sit epiſcopus vnius vxoris vir, locum ha¬

369.0 1135.0 576.0 45.0 beat: ſiue adhuc ſit ille maritus & vir vnius vxo¬

368.0 1162.0 578.0 72.0 ris: ſiue mortua vxore maritus fuerit & iameſſe

859.0 1196.0 84.0 41.0 deſier
