1000 1448
259.0 99.0 176.0 24.0 CAPVT V.

63.0 115.0 579.0 50.0 catus fuit, ipſo Eccleſiæ ingreſſu prohibitum eſſe

65.0 153.0 575.0 43.0 D. Caluinus tamen lib. 4. Inſtitutio. cap.11. ſect.

64.0 185.0 574.0 45.0 1o. docet diuerſam fuiſſe in eo Eccleſiæ diſcipli¬

65.0 219.0 574.0 43.0 nam & conſuetudinem, neque ſemper prohibi¬

65.0 252.0 574.0 43.0 tos excommunicatos ingredi Eccleſiam. Quan¬

65.0 283.0 573.0 41.0 do enim Chriſtianis palam conuenire non licuit

64.0 316.0 573.0 43.0 per imperatorum edicta ad audiendum Dei ver¬

63.0 350.0 575.0 40.0 bum, tunc excommunicati, tanquam lupi, arce¬

64.0 379.0 573.0 43.0 bantur ab ingreſſu Eccleſiæ, ne eam proderent

62.0 412.0 577.0 40.0 hoſtibus. Poſtquam autem cœperunt publicè &

61.0 445.0 578.0 42.0 ſine metu coadunari Chriſtiani homines. i. qui

62.0 479.0 575.0 39.0 Chriſtum profitebantur, neque ſibi metuerent à

60.0 508.0 577.0 44.0 Magiſtratibus, tam ſeuera diſciplina in excom¬

59.0 543.0 578.0 41.0 municatos non eſt vſurpata, vt arcerentur ab in¬

61.0 573.0 572.0 44.0 greſſu Eccleſiæ, & abipſa auditione verbi Dei,

60.0 606.0 574.0 43.0 ne fores & ſpes omnis reſipiſcentiæ illis præclu¬

60.0 637.0 575.0 45.0 di videretur. Vis tamẽ ipſa verborum & excom¬

60.0 673.0 573.0 38.0 municationis hoc habet & notat, vt excommu¬

59.0 703.0 574.0 41.0 nicati aditu Eccleſiæ arceantur, ſed pœnæ hæc

61.0 737.0 572.0 44.0 pars illis ex quadam Eccleſiæ indulgentia remit¬

57.0 771.0 577.0 40.0 titur Itaque excommunicati dice bantur ἀποσυνά¬

60.0 802.0 573.0 44.0 γωγον, id eſt, ſegreges, & ſunt eorum loco, quos

57.0 835.0 575.0 43.0 Iudæi pro Ethnicis habebant. Itaque aditu tem¬

58.0 867.0 575.0 42.0 pli arcebant, & is etiam vetus Eccleſiæ mos fuit

61.0 900.0 571.0 42.0 Tertul. in apologet. cap.39. canone Cum excom¬

57.0 932.0 575.0 41.0 municato 11. quæſt.3. Sic Ambroſius Theodoſiũ

58.0 964.0 576.0 41.0 imperatorem à ſe excommunicatum ex regulis

58.0 995.0 575.0 44.0 Eccleſiaſticæ diſciplinæ arcuit ingreſſu templi

58.0 1027.0 186.0 42.0 Mediolanenſis.

94.0 1059.0 537.0 43.0 Quod ad terrena autem hæc & temporalia,

58.0 1092.0 574.0 43.0 diſtinguẽdum eſt. Aut enim de Publica commu¬

57.0 1126.0 575.0 37.0 nione, aut de Priuata & familiari noſtra cõuerſa¬

58.0 1160.0 575.0 44.0 tione cum excommunicatis quæritur. In ijs o¬

465.0 1189.0 59.0 56.0 Cii.
