1000 1448
389.0 99.0 55.0 28.0 MB.

485.0 83.0 383.0 37.0 AD I. TAVT. AD TIM.

416.0 115.0 542.0 46.0 Quæritur, Quid ſi ea res, propter quam quis

386.0 150.0 572.0 45.0 reprehenditur, verbo Dei non eſt expreſſè dã¬

381.0 183.0 577.0 43.0 nata & definita, Vtrum perſeuerans in ea excom¬

382.0 216.0 575.0 42.0 municari poſſit, velut propter veſtitum nimis

382.0 249.0 576.0 38.0 ſumptuoſum, nimias menſæ lautitias. Reſpond.

383.0 282.0 576.0 40.0 Cùm rebellio ſit excommunicationis cauſa, re¬

382.0 312.0 577.0 45.0 bellio autem eſſe non poſſit, ſi in nulla re Dei

382.0 346.0 578.0 43.0 præceptum violetur, certè quando illud quod

382.0 378.0 576.0 43.0 facimus, & quomodo facimus, lege Dei non eſt

383.0 412.0 578.0 41.0 vetitum, ex eo neque offendiculum, neque iuſta

382.0 445.0 576.0 38.0 reprehenſio naſcitur, neque etiam excommuni¬

380.0 474.0 578.0 41.0 catio fieri vlla debet vel poteſt. Sed quoniam in

382.0 508.0 575.0 43.0 tota vita noſtra ex Dei verbo, Dei & proximi

379.0 540.0 578.0 44.0 ratio eſt habenda, ſiue in re ipſa quam facimus,

378.0 576.0 581.0 40.0 ſiue in modo, quo quid gerimus, poteſt dupliciter

377.0 604.0 581.0 40.0 ànobis peccari, vt in eo peccato noſtro obſtinatè

379.0 637.0 580.0 41.0 & cõtumaciter perſeuerantes poſſumus excom¬

379.0 669.0 578.0 45.0 municari, tamen temeraria Eccleſiæ iudicia eſſe

381.0 703.0 154.0 38.0 non debent.

403.0 734.0 556.0 43.0 Quartùm autẽ quæritur, quomodo excõmuni¬

379.0 767.0 581.0 43.0 catio fieri debeat. Primùm vtrum Voce ipſa, an

379.0 802.0 583.0 41.0 potius ex Scripto. Deinde qua verborum forma.

381.0 833.0 577.0 39.0 Ac quidem videntur ex ſcripto excommunicati

380.0 864.0 579.0 45.0 ij, de quibus agit in 2. Theſſ.3.Paulus, non autem

382.0 898.0 576.0 42.0 viua voce. Ait enim, notate per Epistolam. Et for¬

379.0 929.0 586.0 44.0 taſſe ad euitandam excommunicatorum inuidiã

379.0 960.0 578.0 43.0 & odium hoc prodeſt. Sed contrà vſus Eccleſiæ

382.0 995.0 577.0 37.0 obtinuit. Fieri enim vina voce ſolet: ſcripto ta¬

381.0 1025.0 578.0 44.0 mẽ poteſt. Vtcunque ea poſtea debet alijs inno¬

380.0 1058.0 580.0 44.0 teſcere, quorum intererit ſcire. Et hoc ſibi vult

380.0 1089.0 578.0 43.0 in 2. Theſſaloniſ. Paulus. Sic autem, ſiue verbis ſi¬

382.0 1123.0 576.0 45.0 ue ſcripto fiat, concipienda eſt, vt & perſona ipſa

382.0 1155.0 577.0 54.0 excommunicanda: & factum, propter quod eiici¬

916.0 1192.0 45.0 37.0 tur
