1000 1448
404.0 100.0 59.0 28.0 300

515.0 89.0 382.0 37.0 AD I. PAVL. AD TIM.

401.0 119.0 575.0 43.0 eſſe eam vult Paulus interim tamen agnofcere

403.0 156.0 574.0 42.0 virum caput ſuum, illíque ſubiici & parere. Nul¬

400.0 189.0 579.0 37.0 lan occaſionem. Subiectio eſt, quæ totius vitæ

403.0 222.0 575.0 38.0 Chriſtianæ ſcopum demonſtrat. Nos enim ędifi¬

402.0 255.0 576.0 37.0 cationi omnibus eſſe oportet Fidelibus & Infide

401.0 285.0 575.0 39.0 Iibus. Infirmis & Validis. Itaq; hac ratione vſus

402.0 318.0 573.0 43.0 eſt ſępiſſimè Paulus vti ſup.3.ver.6.Tit.2.verſ.8.

403.0 353.0 573.0 39.0 ſed & Petrus quoque 1.epiſt. cap.2. verſ.12.15. &

403.0 385.0 574.0 39.0 Chriſtus ipſe Math.5. in ſi.idem argumentum af¬

403.0 419.0 575.0 39.0 ferunt. Ἀν τικειμένον autem generaliter accipio pro

403.0 450.0 572.0 37.0 calumniatore & aduerſario vti.2.Theſſa.2.ver.4.

402.0 481.0 575.0 41.0 Nec enim Satã ipſe maledicit per ſe de doctrina,

403.0 518.0 575.0 36.0 ſed homines profani, Infideles & calumniatores

403.0 544.0 572.0 45.0 detrahunt & de nobis & de doctrina Chriſti,

405.0 580.0 224.0 43.0 quam profitemur.

440.0 617.0 536.0 48.0 15 Iam enim nonnullæ deflexerunt, ſe¬

403.0 658.0 230.0 47.0 quubæ Satanam.

435.0 699.0 547.0 45.0 Confirmatio eſt ſuperioris ſentẽtiæ ab exem¬

403.0 736.0 577.0 42.0 plo. Debent enim aliena pericula reddere nos

403.0 769.0 579.0 42.0 cautiores ac prudentiores. Nam felix, quem fa¬

403.0 802.0 579.0 41.0 ciunt, aliena pericula cautũ. Hoc ipſum pro exẽ¬

404.0 834.0 579.0 43.0 plo & documento Papiſtis eſſe debuit, vt tyranni

404.0 867.0 579.0 43.0 cas ſuas de cœlibatu leges tollerent, & abroga¬

404.0 899.0 579.0 41.0 rent, cùm inde tot mala naſci & emergere quoti¬

407.0 930.0 576.0 44.0 dit cernerent: ſed mordicus doctrinam ſuam nõ

407.0 964.0 577.0 43.0 modo retinent, verum etiam ipſi Dei legi im¬

406.0 996.0 578.0 44.0 piiſſimè præferunt. Neque tamen ſic ſemper con

407.0 1028.0 579.0 42.0 cludendum eſt. Illud omne nimirum eſſe mu¬

407.0 1060.0 578.0 45.0 tandum, vnde aliquod periculum, & aliqua di¬

406.0 1093.0 580.0 42.0 ſceſſio ab eccleſia ſit exorta. Sic enim omnis &

408.0 1125.0 576.0 39.0 correptio & diſciplina eccleſiaſtica tolleretur,

409.0 1158.0 577.0 52.0 propter quam multi à fide defecerunt, & ab ec¬

913.0 1192.0 74.0 45.0 cleſia
