1000 1448
374.0 107.0 64.0 37.0 244

499.0 93.0 377.0 43.0 AD I. PAVL. AD TIM.

373.0 127.0 580.0 50.0 pertinent, multa mutant, inſtituunt, corrigunt,

374.0 160.0 578.0 49.0 figunt & refigunt, ídque iure & prudenter:ita in

374.0 192.0 579.0 50.0 ipſius diſciplinæ & cenſuræ Eccleliaſticæ eſſentia

374.0 226.0 578.0 48.0 immutare & nouare quicquã poſſunt, quia huius

375.0 256.0 577.0 51.0 diſciplinæ finis, & ſcopus animas ſpectat, & ad

374.0 289.0 580.0 51.0 earum gubernationem refertur, vtque ad pœni¬

377.0 323.0 577.0 45.0 tentiam homines adducãtur. Cuius rei cognitio,

377.0 354.0 577.0 49.0 efficacia, modus, ratio, & iuriſdictio ſolius Dei

378.0 390.0 575.0 47.0 propria eſt, ei nota & relicta:nullius autem regis

379.0 419.0 577.0 47.0 aut cœtus mortalium imperio aut prudentiæ cõ¬

378.0 451.0 578.0 50.0 ceſſa. Ergo immutare ipſius cenſuræ & diſcipli¬

380.0 485.0 578.0 49.0 næ Eccleſiaſticæ fundamentum (quale eſt, vt ex

381.0 516.0 576.0 49.0 Ariſtocratica fiat monarchica adminiſtratio Ec¬

382.0 549.0 575.0 47.0 cleſiæ) nemo homo, quamuis Rex & Imperator

382.0 579.0 576.0 51.0 poteſt, ac ne vniuerſus quidem ipſius Eccleſiæ

382.0 612.0 577.0 48.0 cœtus. Accidentalia quidem moderari poſſunt,

382.0 645.0 578.0 48.0 quæ pertinent ad faciliorẽ iſtius diſciplinæ & cẽ¬

382.0 675.0 577.0 51.0 ſuræ vſum vel praxin. Atq;eo ſenſu concedimus

382.0 709.0 580.0 46.0 formam diſciplinæ vel cenſuræ Eccleſiaſticæ eã¬

383.0 741.0 579.0 46.0 dem in omnibus gentibus conſtitui non poſſe.

386.0 773.0 576.0 49.0 Nempe cùm de accidentalibus, non autem eſſen¬

386.0 806.0 576.0 49.0 tialibus vel diſciplinæ, vel cenſuræ Eccleſiaſticæ

385.0 838.0 578.0 50.0 diſputatur. Nam eſſentialia eadem vbique gen¬

386.0 873.0 576.0 42.0 tium in Eccleſijs Dei eſſe debent: accidentalia

386.0 902.0 578.0 47.0 mutari & variari ex variis cauſis poſſunt. Ergo ad

386.0 935.0 581.0 50.0 prurts mad lus, ea cognitio, & poteſtas gerendi

387.0 967.0 579.0 45.0 & decernendi & diſpiciendi pertinet. Sed vtrum

386.0 999.0 580.0 47.0 ſic ad vniuerſam Eccleſiam, nimirũ, vt ſuffragium

386.0 1032.0 581.0 45.0 ſinguli de Eccleſiade qualibet re Eccleſiaſtica fe¬

385.0 1065.0 581.0 45.0 rant, vbi aliquis admonẽdus vel reprehendendus

386.0 1096.0 581.0 48.0 erit. Reſ. Per ſolos Eccleſiæ ηγρμένες & prepoſitos

385.0 1130.0 580.0 46.0 eam poteſtatem oportere exerceri, etſi totius

382.0 1161.0 585.0 57.0 Eccleſiæ communis poteſtas eſt, & in ipſius cœ¬

914.0 1192.0 54.0 49.0 tus
