1000 1448
608.0 105.0 38.0 59.0 27

271.0 120.0 123.0 27.0 CAPVT

402.0 120.0 33.0 27.0 V.

78.0 133.0 573.0 64.0 detrahi. Iam verò, quia hęc capacitas non ex æta¬

77.0 172.0 573.0 58.0 tis ſenio & beneficio propriè pendet, imminutũ

77.0 205.0 573.0 54.0 eſt annorum tempus & ſpatium a Paulo hoc loco

76.0 238.0 574.0 54.0 pręſcriptum, voluerúntque homines videriſpiri¬

74.0 271.0 573.0 53.0 tu ipſo Dei ſapientiores. Itaque cõcilio Chalce¬

75.0 301.0 571.0 55.0 donenſi cõſtitutum eſt, vt ſtatim poſt 4o annum

74.0 333.0 573.0 57.0 çtatis eligi mulieres ad iſtum Diaconatum poſ¬

71.0 366.0 579.0 57.0 ſent eſt in cano. Diaconiſſas 27. quęſt. 1.id quod eſt

71.0 402.0 575.0 50.0 confirmatum concilio Carthaginenſi 4. vt eſt in

73.0 433.0 573.0 57.0 cano. ſanctimoniales 2o. queſt. I.in quo poſtea va

71.0 465.0 381.0 43.0 riè peccatum eſt, vt docebimus.

102.0 497.0 544.0 50.0 Addit Paulus. Vnius vir vxor. Hoc verò pro¬

71.0 530.0 574.0 55.0 bari poteſt exemplo Annę, de qua Luc.1.ver. 36.

69.0 561.0 576.0 55.0 Reſpondet autem illi, quod de epiſcopis &

68.0 594.0 574.0 51.0 Diaconis agẽs idem Paulus dixerat. Vnius vxoris

68.0 625.0 575.0 59.0 vir. Itaque ex illo loco facilè iam intelligi poteſt

71.0 658.0 571.0 56.0 que ſit vis huius loci ſententia atque mens. Pri¬

68.0 696.0 572.0 52.0 mum enim non damnat nuptias Paulus ſiue pri¬

69.0 723.0 570.0 57.0 mas, ſiue ſecundas, ſiue tertias ſiue vlteriores.

68.0 752.0 572.0 61.0 Hanc enim eſſe diabolicã doctrinã ſupra aſſeru¬

65.0 791.0 575.0 51.0 it cap.4. verſ.1.2.3. Deinde non iniicit hunc la¬

66.0 822.0 575.0 56.0 queum viduarum conſcientiis, quaſi præcipiat, vt

64.0 855.0 575.0 57.0 in viduitate permaneãt, etiam eæ, quæ denuo vel

64.0 885.0 576.0 54.0 iterum nubere vellent: neque hoc loco etiam vi¬

64.0 917.0 578.0 57.0 duitatem aut cœlibatum tanquam per ſe ſanctio

63.0 951.0 576.0 59.0 rem pręfert honeſto coniugio Pauius; vti neque

64.0 983.0 574.0 54.0 1.Corinth.7. verſ.8.9.34. & 35. Denique cùm ne¬

66.0 1018.0 574.0 53.0 que ante Pauli ætatem, neque eius ſeculo vſquã

63.0 1048.0 574.0 56.0 terrarum obtineret: vt vna mulier eodem tempo

63.0 1078.0 576.0 59.0 re duobus nupta eſſet viris (etſi inter Iudæos vir

65.0 1110.0 573.0 58.0 vnus ſolebat ex vitioſa patrum imitatione duas

64.0 1145.0 573.0 60.0 vel plures vxores ducere) ſatis intelligitur eam

64.0 1176.0 573.0 69.0 dici plurium maritorum vxorem eſſe, quæ quan¬

517.0 1225.0 45.0 54.0 ſij.
