1000 1448
386.0 102.0 80.0 27.0 190

486.0 89.0 382.0 34.0 AD I. PAVL. AD TIM.

383.0 121.0 573.0 47.0 peres eſſe poſſunt otioſę, garrulæ, & nugaces, i¬

382.0 159.0 573.0 39.0 témque propter periculum carnis, atque nuptia¬

382.0 189.0 573.0 42.0 rũ offendiculum infidelibus hominibus præbere.

413.0 222.0 541.0 42.0 Volo) Sic & ſup.cap.2.verſ.8. & 1. Corinth. 7.

382.0 253.0 574.0 43.0 verſ.7. ſed diuerſo ſenſu. Hæc enim vox modò

384.0 288.0 573.0 40.0 vim præcepti habet, vti in cap.2.verſ.8. Modò au¬

381.0 319.0 576.0 40.0 tem conſilij tantùm cuiuſdã & exhortationis, vti

382.0 353.0 575.0 41.0 hoc loco. Itaque pro ſubiecta materia huius vo¬

382.0 385.0 575.0 42.0 cis, volo, ſignificatio accipienda eſt. Nec tamen

382.0 416.0 577.0 43.0 illam Papiſtarum diſtinctionem probamus inter

382.0 449.0 576.0 41.0 conſilia & præcepta, quaſi conſilia quiddam &

384.0 481.0 573.0 41.0 pius & ſanctius contineãt: cũ hoc ipſum conſiliũ

382.0 515.0 576.0 38.0 Pauli etiam ex eorum ſententia minimè conti¬

381.0 547.0 577.0 40.0 neat eam vitæ rationem, quæ ab illis ſanctior cen

382.0 578.0 576.0 41.0 ſetur, ſed eam potius quæ minus ex eorum ſen¬

382.0 609.0 575.0 44.0 tentia, ſit & ſeuera & ſancta. Suadet enim Nu¬

381.0 642.0 577.0 43.0 ptias, non cœlibatum. Præclarè autem hoc loco

382.0 675.0 576.0 43.0 Chryſoſto. negat hîc tradi præceptum à Paulo

381.0 707.0 578.0 42.0 abſolutè cui quiſquam obſtringatur, niſi vt ſupe¬

381.0 741.0 579.0 40.0 riora mala euitet. Aliàs enim nubere aut non nu¬

382.0 772.0 576.0 43.0 bere viduis liberum eſt, vti apparet ex 1.Corinth.

382.0 806.0 577.0 41.0 neq; cuiuſquam conſcientia irretitur & laqueo

382.0 835.0 576.0 45.0 conſtringitur hoc loco, ſi nullum eſt offendiculũ.

384.0 869.0 574.0 43.0 Atque etiã ex hoc ipſo loco apparet ſecundas nu

385.0 900.0 577.0 45.0 ptias, dequibus proculdubio Paulus agit cũ de Vi

384.0 934.0 578.0 41.0 duarum nuptiis hîc diſputet, minimè eſſe vel dã¬

382.0 967.0 578.0 40.0 natas, vel Deo exoſas, quicquid vel Montaniſtæ,

386.0 998.0 575.0 44.0 vel poſt eos Papiſtæ ſentiãt: è quibus illi ſecũdas

384.0 1033.0 578.0 39.0 nuptias omnino improbant: hi verò eas tanquam

384.0 1064.0 578.0 38.0 infames impedimentum eſſe cenſent ad eccleſia¬

383.0 1095.0 580.0 44.0 ſtica munera ſubeũda. Nihil certè moror dictum

387.0 1130.0 575.0 36.0 vel Tertullia. vel Bernard.ſerm.59 cant. quorum

386.0 1159.0 577.0 56.0 ille fuit Montaniſta, iſte monachali ſuperſtitione

913.0 1194.0 54.0 46.0 iam
