<?xml version="1.0" encoding="UTF-8"?>
<alto xmlns:xsi="http://www.w3.org/2001/XMLSchema-instance"
      xmlns="http://www.loc.gov/standards/alto/ns-v4#"
      xsi:schemaLocation="http://www.loc.gov/standards/alto/ns-v4# http://www.loc.gov/standards/alto/v4/alto-4-2.xsd">
  <Description>
    <MeasurementUnit>pixel</MeasurementUnit>
    <sourceImageInformation>
      <fileName>2013102.png</fileName>
    </sourceImageInformation>
  </Description>
  <Tags>
    <OtherTag ID="BT7" LABEL="CustomZone" DESCRIPTION="block type CustomZone"/><OtherTag ID="BT8" LABEL="DamageZone" DESCRIPTION="block type DamageZone"/><OtherTag ID="BT9" LABEL="DigitizationArtefactZone" DESCRIPTION="block type DigitizationArtefactZone"/><OtherTag ID="BT10" LABEL="DropCapitalZone" DESCRIPTION="block type DropCapitalZone"/><OtherTag ID="BT11" LABEL="GraphicZone" DESCRIPTION="block type GraphicZone"/><OtherTag ID="BT12" LABEL="MainZone" DESCRIPTION="block type MainZone"/><OtherTag ID="BT13" LABEL="MarginTextZone" DESCRIPTION="block type MarginTextZone"/><OtherTag ID="BT14" LABEL="MusicZone" DESCRIPTION="block type MusicZone"/><OtherTag ID="BT15" LABEL="NumberingZone" DESCRIPTION="block type NumberingZone"/><OtherTag ID="BT17" LABEL="QuireMarksZone" DESCRIPTION="block type QuireMarksZone"/><OtherTag ID="BT18" LABEL="RunningTitleZone" DESCRIPTION="block type RunningTitleZone"/><OtherTag ID="BT19" LABEL="SealZone" DESCRIPTION="block type SealZone"/><OtherTag ID="BT20" LABEL="StampZone" DESCRIPTION="block type StampZone"/><OtherTag ID="BT21" LABEL="TableZone" DESCRIPTION="block type TableZone"/><OtherTag ID="BT22" LABEL="TitlePageZone" DESCRIPTION="block type TitlePageZone"/>
    <OtherTag ID="LT7" LABEL="CustomLine" DESCRIPTION="line type CustomLine"/><OtherTag ID="LT8" LABEL="DefaultLine" DESCRIPTION="line type DefaultLine"/><OtherTag ID="LT9" LABEL="DropCapitalLine" DESCRIPTION="line type DropCapitalLine"/><OtherTag ID="LT10" LABEL="HeadingLine" DESCRIPTION="line type HeadingLine"/><OtherTag ID="LT11" LABEL="InterlinearLine" DESCRIPTION="line type InterlinearLine"/><OtherTag ID="LT12" LABEL="MusicLine" DESCRIPTION="line type MusicLine"/><OtherTag ID="LT275" LABEL="default" DESCRIPTION="line type default"/>
  </Tags>
  <Layout>
    <Page WIDTH="1000"
          HEIGHT="1448"
          PHYSICAL_IMG_NR="8"
          ID="eSc_dummypage_">
      <PrintSpace HPOS="0"
                  VPOS="0"
                  WIDTH="1000"
                  HEIGHT="1448">
        <TextBlock HPOS="374.0737609863281"
                   VPOS="91.85517883300781"
                   WIDTH="62.59820556640625"
                   HEIGHT="31.945419311523438"
                   ID="block_1"
                   TAGREFS="BT15">
          <Shape><Polygon POINTS="374.074 91.8552 436.672 91.8552 436.672 123.801 374.074 123.801 374.074 91.8552"/></Shape>
          <TextLine ID="line_0"
                    TAGREFS="LT275"
                    BASELINE="380 119 447 118" 
                    HPOS="379.0"
                    VPOS="106.0"
                    WIDTH="68.0"
                    HEIGHT="25.0">
            <Shape><Polygon POINTS="444 106 436 106 427 106 419 106 411 106 403 106 395 106 387 106 383 106 379 107 380 119 380 127 412 131 413 131 414 131 415 131 423 124 427 123 446 123 447 118 445 106 444 106"/></Shape>
	    <String CONTENT="180"
                    HPOS="379.0"
                    VPOS="106.0"
                    WIDTH="68.0"
                    HEIGHT="25.0"
                    WC="0.999920388062795"></String>
          </TextLine>
        </TextBlock>
        <TextBlock HPOS="483.72308349609375"
                   VPOS="89.2413101196289"
                   WIDTH="390.200927734375"
                   HEIGHT="37.580787658691406"
                   ID="block_2"
                   TAGREFS="BT18">
          <Shape><Polygon POINTS="483.723 89.2413 873.924 89.2413 873.924 126.822 483.723 126.822 483.723 89.2413"/></Shape>
          <TextLine ID="line_1"
                    TAGREFS="LT275"
                    BASELINE="483 118 870 115" 
                    HPOS="482.0"
                    VPOS="90.0"
                    WIDTH="388.0"
                    HEIGHT="37.0">
            <Shape><Polygon POINTS="764 106 756 106 748 106 740 106 732 106 724 106 718 106 717 106 713 106 707 106 699 106 691 106 689 106 683 106 675 106 667 106 661 106 656 106 654 106 651 106 643 106 635 106 627 106 621 106 619 106 611 106 609 106 606 108 596 108 593 106 587 106 579 106 571 106 567 106 561 107 547 107 546 106 539 106 533 106 532 106 530 106 530 106 522 106 514 106 506 106 498 106 490 106 482 106 483 118 483 123 497 127 497 127 498 127 584 123 621 122 624 123 629 127 629 127 630 127 631 127 653 123 666 122 671 123 679 127 679 127 680 127 695 124 704 122 714 124 725 127 726 127 727 127 777 125 778 125 779 125 779 124 780 124 783 121 868 124 870 115 868 94 772 90 771 90 770 90 769 90 769 90 764 95 764 106"/></Shape>
	    <String CONTENT="AD I. PAVL. AD TIM."
                    HPOS="482.0"
                    VPOS="90.0"
                    WIDTH="388.0"
                    HEIGHT="37.0"
                    WC="0.9964798720259416"></String>
          </TextLine>
        </TextBlock>
        <TextBlock HPOS="363.5995788574219"
                   VPOS="131.38629150390625"
                   WIDTH="594.8255310058594"
                   HEIGHT="1078.1360473632812"
                   ID="block_3"
                   TAGREFS="BT12">
          <Shape><Polygon POINTS="363.6 131.386 958.425 131.386 958.425 1209.52 363.6 1209.52 363.6 131.386"/></Shape>
          <TextLine ID="line_2"
                    TAGREFS="LT275"
                    BASELINE="379 157 959 155" 
                    HPOS="378.0"
                    VPOS="123.0"
                    WIDTH="581.0"
                    HEIGHT="45.0">
            <Shape><Polygon POINTS="379 157 379 168 433 164 469 168 469 168 471 168 582 163 624 167 632 167 633 167 633 167 635 166 644 163 666 166 674 167 674 167 687 166 717 163 958 163 959 155 958 123 927 123 926 123 925 123 925 123 909 132 885 124 881 123 880 123 880 123 879 123 873 125 846 133 779 133 772 127 770 125 769 125 769 125 742 124 741 124 725 128 703 134 667 134 661 129 654 124 654 124 653 124 625 124 625 124 595 130 519 125 518 125 518 125 517 125 506 132 503 134 498 132 474 126 473 126 473 126 448 127 447 127 446 127 436 134 435 135 378 135 379 157"/></Shape>
	    <String CONTENT="pars cultus Dei cenſeatur poſita: nec quod addit"
                    HPOS="378.0"
                    VPOS="123.0"
                    WIDTH="581.0"
                    HEIGHT="45.0"
                    WC="0.9908861828347048"></String>
          </TextLine>
          <TextLine ID="line_3"
                    TAGREFS="LT275"
                    BASELINE="379 190 959 188" 
                    HPOS="378.0"
                    VPOS="160.0"
                    WIDTH="581.0"
                    HEIGHT="43.0">
            <Shape><Polygon POINTS="379 190 379 203 425 202 426 202 427 202 433 197 448 202 448 202 449 203 479 203 479 202 480 202 481 202 490 197 506 201 510 202 511 202 512 202 513 202 514 202 514 201 522 197 549 201 550 201 551 201 552 201 584 196 682 196 687 199 693 201 694 201 695 201 695 201 707 198 716 196 720 198 727 201 728 201 728 202 765 202 765 201 766 201 783 197 793 195 824 197 896 201 897 201 897 201 912 195 913 195 914 195 928 201 929 201 930 201 958 194 959 188 958 167 866 160 865 160 864 160 864 160 854 167 839 167 811 160 810 160 810 160 809 160 801 167 790 167 766 160 765 160 765 160 764 160 744 166 726 161 725 161 724 161 691 167 679 161 679 161 578 160 577 160 540 168 538 168 448 168 448 168 436 161 435 161 434 161 433 161 419 168 419 168 378 168 379 190"/></Shape>
	    <String CONTENT="Paulus, eos nobis à Deo conceſſos eſſe, aliter in¬"
                    HPOS="378.0"
                    VPOS="160.0"
                    WIDTH="581.0"
                    HEIGHT="43.0"
                    WC="0.9866670966148376"></String>
          </TextLine>
          <TextLine ID="line_4"
                    TAGREFS="LT275"
                    BASELINE="377 222 961 219" 
                    HPOS="376.0"
                    VPOS="193.0"
                    WIDTH="585.0"
                    HEIGHT="41.0">
            <Shape><Polygon POINTS="377 222 377 231 394 234 395 234 408 231 418 230 431 232 448 234 449 234 464 232 475 229 584 229 592 232 596 234 597 234 598 234 635 234 635 234 636 234 637 234 639 232 645 228 679 228 702 232 708 233 709 233 710 233 712 232 723 228 730 232 731 233 732 233 732 233 733 233 734 233 736 232 744 228 780 232 788 233 789 233 794 232 815 227 878 227 891 232 892 232 893 232 893 232 930 228 959 232 961 219 958 198 938 199 935 198 927 194 926 194 925 194 925 194 924 194 917 198 915 200 825 200 821 199 787 193 786 193 786 193 785 193 777 199 775 201 719 201 718 200 711 193 710 193 709 193 708 193 595 194 594 194 576 201 569 194 568 194 567 194 543 194 543 194 542 194 541 194 532 201 531 201 494 201 493 201 481 195 481 195 480 195 479 195 460 201 459 201 458 201 443 195 442 195 403 195 403 195 402 195 376 201 377 222"/></Shape>
	    <String CONTENT="telligendum eſt, quàm vt ijs, conſeruata mode¬"
                    HPOS="376.0"
                    VPOS="193.0"
                    WIDTH="585.0"
                    HEIGHT="41.0"
                    WC="0.9978478449456235"></String>
          </TextLine>
          <TextLine ID="line_5"
                    TAGREFS="LT275"
                    BASELINE="375 255 958 252" 
                    HPOS="374.0"
                    VPOS="226.0"
                    WIDTH="584.0"
                    HEIGHT="41.0">
            <Shape><Polygon POINTS="375 255 375 264 444 263 447 264 452 267 453 267 454 267 455 267 462 263 469 261 539 261 546 263 558 267 559 267 559 267 560 267 570 263 576 260 683 260 686 261 695 265 695 265 696 265 697 265 698 265 702 262 707 266 707 266 708 266 709 267 763 267 763 266 813 265 814 265 814 265 820 261 826 264 827 264 827 264 828 264 839 259 840 259 843 259 876 265 877 265 878 265 890 261 946 265 947 265 948 265 949 265 958 259 958 252 956 232 818 226 818 226 773 232 769 232 768 232 750 227 749 227 748 227 748 227 734 232 731 234 708 234 706 232 699 227 699 227 698 227 646 227 645 227 644 227 643 227 637 232 635 233 619 232 564 229 563 229 563 229 562 229 558 232 555 234 502 234 498 232 488 228 487 228 486 228 464 232 456 234 446 232 419 228 418 228 417 228 407 232 403 234 374 233 375 255"/></Shape>
	    <String CONTENT="ratione &amp; temperantia Euangelica &amp; Chriſtiana,"
                    HPOS="374.0"
                    VPOS="226.0"
                    WIDTH="584.0"
                    HEIGHT="41.0"
                    WC="0.992992498304533"></String>
          </TextLine>
          <TextLine ID="line_6"
                    TAGREFS="LT275"
                    BASELINE="378 286 958 286" 
                    HPOS="378.0"
                    VPOS="259.0"
                    WIDTH="580.0"
                    HEIGHT="40.0">
            <Shape><Polygon POINTS="378 286 378 292 389 298 390 298 390 298 465 293 482 298 483 298 484 298 485 298 502 293 520 298 521 298 522 299 551 299 551 298 551 298 552 298 558 293 621 293 656 293 666 298 666 298 667 298 694 293 697 293 699 293 714 298 715 298 716 298 748 294 749 294 765 298 765 298 766 298 958 294 958 286 958 259 903 259 902 259 901 259 901 259 888 264 869 260 865 259 864 259 830 260 715 264 691 262 670 259 670 259 669 259 668 259 664 262 661 264 658 262 655 259 654 259 654 259 653 259 626 263 614 263 603 263 567 259 566 259 565 259 564 259 560 263 559 265 518 265 510 263 479 259 478 259 477 259 464 264 462 264 460 264 432 259 431 259 400 264 390 259 390 259 389 259 388 259 378 264 378 286"/></Shape>
	    <String CONTENT="vtamur. Cauendum enim eſt, ne crapula &amp; cibis"
                    HPOS="378.0"
                    VPOS="259.0"
                    WIDTH="580.0"
                    HEIGHT="40.0"
                    WC="0.9990584784083896"></String>
          </TextLine>
          <TextLine ID="line_7"
                    TAGREFS="LT275"
                    BASELINE="378 316 956 318" 
                    HPOS="377.0"
                    VPOS="291.0"
                    WIDTH="579.0"
                    HEIGHT="42.0">
            <Shape><Polygon POINTS="378 316 377 331 411 332 412 332 413 332 414 332 414 331 415 331 420 326 465 330 474 331 475 331 476 331 478 330 496 324 528 329 529 329 530 329 543 324 584 324 591 329 593 331 594 331 595 331 596 331 596 331 604 329 618 324 631 329 639 331 640 331 641 331 671 328 699 325 703 328 710 333 711 333 711 333 712 333 770 333 770 333 771 333 772 333 778 328 794 332 794 332 795 332 796 332 813 326 817 325 818 326 822 330 823 330 823 330 824 330 841 328 851 333 851 333 852 333 895 328 922 333 923 333 924 333 925 333 925 332 931 326 955 324 956 318 956 297 944 292 943 292 942 292 942 292 922 296 910 292 909 292 796 292 795 292 794 292 794 292 786 296 786 297 748 297 745 296 715 292 714 292 681 296 661 291 660 291 659 291 588 296 559 292 559 292 558 292 557 292 551 296 550 296 477 292 477 292 476 292 462 296 461 296 399 296 397 296 390 292 389 292 388 292 387 292 378 295 378 316"/></Shape>
	    <String CONTENT="grauentur corda noſtra, vt docet Chriſtus ipſe"
                    HPOS="377.0"
                    VPOS="291.0"
                    WIDTH="579.0"
                    HEIGHT="42.0"
                    WC="0.9969368667706199"></String>
          </TextLine>
          <TextLine ID="line_8"
                    TAGREFS="LT275"
                    BASELINE="377 352 958 350" 
                    HPOS="376.0"
                    VPOS="324.0"
                    WIDTH="582.0"
                    HEIGHT="42.0">
            <Shape><Polygon POINTS="377 352 378 366 390 360 399 364 400 364 401 364 509 360 519 366 520 366 521 366 522 366 530 366 588 360 617 364 618 364 619 364 629 360 639 365 641 365 641 365 642 365 646 364 668 359 692 364 698 365 699 366 799 366 799 365 800 365 801 365 802 363 807 359 818 363 818 363 819 363 820 363 823 363 837 360 841 363 843 365 844 365 845 365 846 365 957 362 958 350 956 330 855 330 815 324 798 324 798 324 797 324 796 324 789 329 777 324 777 324 776 324 751 329 725 324 724 324 682 329 671 324 670 324 670 324 669 324 656 329 648 324 647 324 646 324 646 324 586 329 559 324 558 324 557 324 544 330 530 324 530 324 497 324 497 324 496 324 479 330 432 325 431 325 376 331 377 352"/></Shape>
	    <String CONTENT="Luc.21.verſ.34. Sic hune locum explicat quoque"
                    HPOS="376.0"
                    VPOS="324.0"
                    WIDTH="582.0"
                    HEIGHT="42.0"
                    WC="0.9795214313527812"></String>
          </TextLine>
          <TextLine ID="line_9"
                    TAGREFS="LT275"
                    BASELINE="376 383 959 383" 
                    HPOS="376.0"
                    VPOS="358.0"
                    WIDTH="583.0"
                    HEIGHT="40.0">
            <Shape><Polygon POINTS="376 383 376 394 380 397 381 397 382 397 382 397 462 393 520 397 521 397 522 397 530 393 558 397 559 397 559 397 575 393 576 393 605 397 606 398 663 398 663 397 664 397 665 397 671 393 683 397 683 397 684 397 711 393 715 393 717 393 729 397 730 397 731 397 732 397 740 393 741 393 748 393 790 397 790 397 959 394 959 383 959 362 733 358 732 358 732 358 724 362 724 362 721 362 691 358 691 358 658 362 655 362 651 362 603 358 602 358 601 358 591 362 590 363 524 363 521 362 451 358 450 358 449 358 448 358 442 362 442 363 376 363 376 383"/></Shape>
	    <String CONTENT="Auguſt. lib. contra Adimantum Manich. cap. 14."
                    HPOS="376.0"
                    VPOS="358.0"
                    WIDTH="583.0"
                    HEIGHT="40.0"
                    WC="0.9937697350978851"></String>
          </TextLine>
          <TextLine ID="line_10"
                    TAGREFS="LT275"
                    BASELINE="375 417 958 414" 
                    HPOS="374.0"
                    VPOS="387.0"
                    WIDTH="584.0"
                    HEIGHT="43.0">
            <Shape><Polygon POINTS="375 417 375 430 957 424 958 414 954 387 940 392 830 389 821 389 820 389 813 389 753 393 743 390 739 389 738 389 737 389 716 390 683 393 676 390 667 388 666 388 666 388 665 388 664 388 664 389 661 391 658 394 617 392 560 389 559 389 559 389 551 393 547 394 522 393 437 390 436 390 436 390 424 394 423 394 421 394 395 390 394 390 393 390 374 394 375 417"/></Shape>
	    <String CONTENT="Et aliud eſt prohibere cibos, aliud autem mtem¬"
                    HPOS="374.0"
                    VPOS="387.0"
                    WIDTH="584.0"
                    HEIGHT="43.0"
                    WC="0.9921905411050674"></String>
          </TextLine>
          <TextLine ID="line_11"
                    TAGREFS="LT275"
                    BASELINE="376 449 960 449" 
                    HPOS="376.0"
                    VPOS="422.0"
                    WIDTH="584.0"
                    HEIGHT="41.0">
            <Shape><Polygon POINTS="376 449 376 462 439 458 584 458 588 461 589 462 590 462 591 462 592 463 669 463 669 462 670 462 673 460 679 458 691 460 699 462 699 462 960 459 960 449 960 427 940 422 939 422 938 422 925 427 924 427 880 427 876 427 867 422 866 422 865 422 864 422 852 427 851 427 797 427 795 427 787 423 786 423 786 423 785 423 770 427 768 427 765 427 743 422 742 422 741 422 732 427 731 427 725 427 687 422 687 422 686 422 674 427 673 427 667 427 629 422 628 422 627 422 626 422 620 427 619 427 617 427 596 422 596 422 531 427 522 427 521 427 514 422 514 422 513 422 430 422 429 422 428 422 427 422 423 427 422 427 376 427 376 449"/></Shape>
	    <String CONTENT="perantiorem eorum vſum damnare, quod etiam"
                    HPOS="376.0"
                    VPOS="422.0"
                    WIDTH="584.0"
                    HEIGHT="41.0"
                    WC="0.9994297822316488"></String>
          </TextLine>
          <TextLine ID="line_12"
                    TAGREFS="LT275"
                    BASELINE="375 482 713 479" 
                    HPOS="374.0"
                    VPOS="452.0"
                    WIDTH="339.0"
                    HEIGHT="41.0">
            <Shape><Polygon POINTS="375 482 375 493 596 493 596 492 596 492 608 488 609 488 620 492 621 492 621 492 687 491 713 485 713 479 711 456 592 456 586 452 585 452 584 452 584 452 583 452 582 452 582 452 577 456 560 452 559 452 559 452 507 457 502 452 501 452 500 452 462 452 461 452 460 452 460 452 460 453 456 456 407 453 406 453 374 459 375 482"/></Shape>
	    <String CONTENT="nos facimus ex Dei verbo."
                    HPOS="374.0"
                    VPOS="452.0"
                    WIDTH="339.0"
                    HEIGHT="41.0"
                    WC="0.9855231666564941"></String>
          </TextLine>
          <TextLine ID="line_13"
                    TAGREFS="LT275"
                    BASELINE="409 514 958 512" 
                    HPOS="408.0"
                    VPOS="485.0"
                    WIDTH="550.0"
                    HEIGHT="39.0">
            <Shape><Polygon POINTS="409 514 409 522 956 524 958 512 956 493 929 493 929 492 919 485 918 485 917 485 917 485 839 492 832 492 830 492 807 485 806 485 757 485 756 485 755 485 736 491 732 492 723 491 695 487 694 487 693 487 683 491 676 493 649 493 646 490 639 485 638 485 637 485 637 485 636 485 625 489 600 485 600 485 599 485 590 490 584 493 503 493 497 489 489 485 488 485 487 485 408 489 409 514"/></Shape>
	    <String CONTENT="Sed neque ieiunia quoque tolluntur &amp; abro¬"
                    HPOS="408.0"
                    VPOS="485.0"
                    WIDTH="550.0"
                    HEIGHT="39.0"
                    WC="0.9901192912033626"></String>
          </TextLine>
          <TextLine ID="line_14"
                    TAGREFS="LT275"
                    BASELINE="374 547 958 545" 
                    HPOS="374.0"
                    VPOS="517.0"
                    WIDTH="584.0"
                    HEIGHT="41.0">
            <Shape><Polygon POINTS="374 547 374 558 957 553 958 545 956 522 902 517 901 517 901 517 888 522 885 522 881 522 866 518 865 518 797 521 786 517 785 517 765 517 764 517 763 517 762 517 756 521 753 522 748 521 734 518 733 518 732 518 691 521 671 522 666 521 655 518 654 518 654 518 653 518 652 518 652 518 649 521 646 523 621 523 619 521 616 518 615 518 614 518 613 518 595 521 578 524 548 524 540 520 534 518 533 518 532 518 531 518 521 520 508 524 469 524 457 520 449 518 448 518 448 518 374 519 374 547"/></Shape>
	    <String CONTENT="gantur, quorum vſus frequens fuit in Eccleſia"
                    HPOS="374.0"
                    VPOS="517.0"
                    WIDTH="584.0"
                    HEIGHT="41.0"
                    WC="0.9979577038023207"></String>
          </TextLine>
          <TextLine ID="line_15"
                    TAGREFS="LT275"
                    BASELINE="374 578 958 578" 
                    HPOS="374.0"
                    VPOS="551.0"
                    WIDTH="584.0"
                    HEIGHT="39.0">
            <Shape><Polygon POINTS="374 578 374 588 495 590 496 590 497 590 502 588 509 586 539 588 574 590 575 590 586 588 595 586 650 588 750 590 751 590 752 590 765 587 769 586 782 587 835 590 836 590 859 586 862 586 864 586 890 590 891 590 958 585 958 578 956 552 944 556 901 552 878 551 877 551 863 553 839 557 832 553 830 551 829 551 828 551 740 551 740 551 739 551 728 554 716 558 685 558 677 555 666 551 666 551 665 551 631 555 628 555 625 555 590 551 589 551 588 551 588 551 581 555 577 558 543 558 540 555 534 551 534 551 533 551 511 551 510 551 510 551 497 555 493 558 433 558 431 556 423 551 422 551 421 551 399 551 399 551 374 556 374 578"/></Shape>
	    <String CONTENT="Dei, atque vtinam inter nos eſſet frequentior &amp;"
                    HPOS="374.0"
                    VPOS="551.0"
                    WIDTH="584.0"
                    HEIGHT="39.0"
                    WC="0.9943964582808474"></String>
          </TextLine>
          <TextLine ID="line_16"
                    TAGREFS="LT275"
                    BASELINE="371 610 957 608" 
                    HPOS="370.0"
                    VPOS="582.0"
                    WIDTH="587.0"
                    HEIGHT="41.0">
            <Shape><Polygon POINTS="371 610 371 623 399 618 443 622 444 622 502 617 544 622 545 622 546 622 554 618 563 622 563 622 564 622 639 618 647 622 648 622 649 622 693 617 721 621 722 621 723 621 739 617 754 621 755 621 756 621 798 617 814 621 815 621 816 621 858 617 877 621 878 621 879 622 956 622 957 608 955 587 841 582 840 582 815 587 813 587 810 587 756 582 755 582 728 587 727 587 704 582 703 582 703 582 690 587 662 582 661 582 637 587 588 583 587 583 547 588 543 588 447 588 447 588 436 584 435 584 434 584 433 584 432 584 426 588 407 583 406 583 405 583 404 583 403 583 397 588 397 588 370 588 371 610"/></Shape>
	    <String CONTENT="religioſior eorum obſeruatio, cùm ab Eccleſia"
                    HPOS="370.0"
                    VPOS="582.0"
                    WIDTH="587.0"
                    HEIGHT="41.0"
                    WC="0.9891672911851302"></String>
          </TextLine>
          <TextLine ID="line_17"
                    TAGREFS="LT275"
                    BASELINE="371 643 956 641" 
                    HPOS="370.0"
                    VPOS="613.0"
                    WIDTH="586.0"
                    HEIGHT="38.0">
            <Shape><Polygon POINTS="371 643 371 650 954 651 956 641 955 621 944 617 943 617 942 617 885 621 861 613 860 613 818 613 818 613 817 613 799 621 732 621 710 614 709 614 687 614 687 614 686 614 685 614 677 620 668 614 667 614 666 614 635 614 634 614 633 614 633 614 625 620 619 614 618 614 617 614 590 614 589 614 588 614 588 614 579 622 551 622 527 615 526 615 526 615 525 615 510 622 492 617 491 617 490 617 466 622 438 616 437 616 436 616 436 616 427 623 398 623 389 617 388 617 387 617 386 617 386 617 370 623 371 643"/></Shape>
	    <String CONTENT="ex iuſtis cauſis publicè indicuntur. Aliud enim"
                    HPOS="370.0"
                    VPOS="613.0"
                    WIDTH="586.0"
                    HEIGHT="38.0"
                    WC="0.9985256815950075"></String>
          </TextLine>
          <TextLine ID="line_18"
                    TAGREFS="LT275"
                    BASELINE="370 675 956 674" 
                    HPOS="370.0"
                    VPOS="646.0"
                    WIDTH="586.0"
                    HEIGHT="40.0">
            <Shape><Polygon POINTS="370 675 370 685 954 686 956 674 954 653 868 646 868 646 834 653 832 653 831 653 821 648 820 648 819 648 818 648 808 651 776 646 775 646 737 653 729 646 728 646 728 646 727 646 666 654 661 654 660 654 652 647 651 647 650 647 650 647 649 647 634 653 590 647 589 647 588 647 570 654 569 654 535 654 534 654 516 647 515 647 514 647 448 654 440 647 439 647 438 647 437 647 409 652 396 647 395 647 395 647 394 647 370 654 370 675"/></Shape>
	    <String CONTENT="eſt cibos ex ſuperſtitioſa opinione damnare, &amp; in"
                    HPOS="370.0"
                    VPOS="646.0"
                    WIDTH="586.0"
                    HEIGHT="40.0"
                    WC="0.982534189613498"></String>
          </TextLine>
          <TextLine ID="line_19"
                    TAGREFS="LT275"
                    BASELINE="371 707 956 706" 
                    HPOS="370.0"
                    VPOS="679.0"
                    WIDTH="586.0"
                    HEIGHT="41.0">
            <Shape><Polygon POINTS="371 707 371 715 465 715 468 715 473 719 474 719 475 719 476 720 507 720 507 719 508 719 521 715 525 715 532 715 558 719 559 719 594 715 604 715 607 715 616 719 617 719 617 720 663 720 663 719 682 715 690 714 697 715 709 719 710 719 711 719 749 715 769 714 802 715 872 719 872 719 955 715 956 706 954 682 881 686 876 683 876 682 875 682 874 682 873 682 864 683 843 686 839 683 834 679 833 679 832 679 794 679 794 679 793 679 777 684 769 686 764 684 753 679 752 679 751 679 730 683 701 679 700 679 699 679 684 685 681 686 678 685 664 679 663 679 662 679 626 685 611 680 610 680 609 680 609 680 608 680 600 686 598 688 581 688 578 686 568 680 567 680 567 680 566 680 565 680 541 686 538 687 537 686 529 680 528 680 527 680 470 680 469 680 469 680 468 680 457 687 456 688 370 688 371 707"/></Shape>
	    <String CONTENT="eorum delectu &amp; vſu regnũ Dei collocare, quod"
                    HPOS="370.0"
                    VPOS="679.0"
                    WIDTH="586.0"
                    HEIGHT="41.0"
                    WC="0.990208739819734"></String>
          </TextLine>
          <TextLine ID="line_20"
                    TAGREFS="LT275"
                    BASELINE="371 740 954 738" 
                    HPOS="370.0"
                    VPOS="711.0"
                    WIDTH="584.0"
                    HEIGHT="41.0">
            <Shape><Polygon POINTS="371 740 371 748 435 748 436 748 442 752 443 752 444 752 444 752 445 752 454 748 455 748 463 752 464 752 465 752 537 748 542 748 543 748 555 752 555 752 556 752 557 752 572 748 575 747 645 747 646 748 651 751 652 751 653 751 654 751 654 751 667 747 669 747 671 747 683 751 684 751 685 751 953 746 954 738 952 719 891 719 891 719 872 712 871 712 870 712 869 712 857 716 849 711 848 711 847 711 847 711 846 711 825 719 824 719 765 719 764 719 739 712 738 712 737 712 695 717 679 714 679 714 678 714 677 714 677 715 672 719 671 719 669 719 655 712 654 712 654 712 518 713 517 713 516 713 510 718 507 721 485 721 480 718 473 713 472 713 471 713 470 713 469 713 457 718 450 721 410 721 406 718 404 716 403 716 403 716 402 716 401 716 400 716 399 718 396 719 394 718 388 713 387 713 386 713 386 713 385 713 370 717 371 740"/></Shape>
	    <String CONTENT="facere vetat Paulus &amp; hîc &amp; Rom. 14 verſ.17. a¬"
                    HPOS="370.0"
                    VPOS="711.0"
                    WIDTH="584.0"
                    HEIGHT="41.0"
                    WC="0.9932908664147059"></String>
          </TextLine>
          <TextLine ID="line_21"
                    TAGREFS="LT275"
                    BASELINE="370 772 958 770" 
                    HPOS="370.0"
                    VPOS="744.0"
                    WIDTH="588.0"
                    HEIGHT="36.0">
            <Shape><Polygon POINTS="370 772 370 780 957 778 958 770 956 748 934 744 933 744 932 744 925 748 917 752 907 748 901 746 901 746 900 746 899 746 893 748 882 752 843 751 839 748 835 744 834 744 833 744 832 744 816 748 800 751 786 748 774 744 773 744 773 744 772 744 765 748 761 748 761 748 757 744 757 744 756 744 697 744 696 744 684 747 670 750 662 747 658 745 658 745 657 745 656 745 655 745 654 747 645 753 574 753 562 747 561 746 560 746 559 746 559 746 557 746 537 753 466 753 456 748 456 748 455 748 434 752 419 746 417 745 416 745 415 745 370 745 370 772"/></Shape>
	    <String CONTENT="liud autem ijs ad tempus abſtinere tantùm ad cõ¬"
                    HPOS="370.0"
                    VPOS="744.0"
                    WIDTH="588.0"
                    HEIGHT="36.0"
                    WC="0.9977059364318848"></String>
          </TextLine>
          <TextLine ID="line_22"
                    TAGREFS="LT275"
                    BASELINE="370 806 960 805" 
                    HPOS="370.0"
                    VPOS="777.0"
                    WIDTH="590.0"
                    HEIGHT="42.0">
            <Shape><Polygon POINTS="370 806 371 818 396 812 414 818 415 818 416 818 417 818 418 818 419 818 436 813 463 818 465 818 466 818 470 818 508 812 566 812 576 816 576 816 577 816 583 816 638 812 654 815 664 817 665 817 666 817 666 817 669 815 673 812 679 814 688 818 689 818 690 818 710 814 718 813 726 814 751 818 752 818 798 813 810 812 813 813 823 817 824 817 825 817 845 813 851 818 852 818 853 818 854 819 905 819 905 818 905 818 914 814 949 818 950 818 950 818 951 818 960 812 960 805 958 785 933 785 932 784 918 777 917 777 805 777 804 777 803 777 802 777 794 783 793 784 757 783 715 782 709 777 708 777 707 777 633 777 633 777 632 777 631 777 624 782 622 784 620 782 608 777 607 777 584 777 583 777 582 777 567 782 561 785 491 785 487 781 480 777 479 777 478 777 477 777 477 777 465 781 459 784 370 781 370 806"/></Shape>
	    <String CONTENT="primendam carnis laſciuiam, quæ nimio paſtu,"
                    HPOS="370.0"
                    VPOS="777.0"
                    WIDTH="590.0"
                    HEIGHT="42.0"
                    WC="0.9884712235494093"></String>
          </TextLine>
          <TextLine ID="line_23"
                    TAGREFS="LT275"
                    BASELINE="370 836 953 835" 
                    HPOS="370.0"
                    VPOS="810.0"
                    WIDTH="583.0"
                    HEIGHT="39.0">
            <Shape><Polygon POINTS="370 836 370 844 435 849 436 849 436 849 452 844 453 844 550 844 555 848 555 848 556 848 632 849 633 849 633 849 634 849 642 844 659 849 660 849 661 849 706 843 711 843 712 843 725 848 726 848 727 848 765 843 769 843 777 843 870 848 871 848 952 843 953 835 951 816 921 810 920 810 847 815 834 810 833 810 832 810 831 810 819 815 814 810 813 810 812 810 811 810 810 810 794 815 782 810 781 810 781 810 739 814 695 810 694 810 693 810 679 815 644 811 643 811 642 811 625 817 571 817 532 811 531 811 530 811 518 816 514 811 513 811 512 811 486 811 485 811 452 816 441 811 440 811 440 811 439 811 438 811 431 816 386 813 386 813 385 813 370 817 370 836"/></Shape>
	    <String CONTENT="tanquam ferox equus, ſuperbit, &amp; furit. Itaque ie¬"
                    HPOS="370.0"
                    VPOS="810.0"
                    WIDTH="583.0"
                    HEIGHT="39.0"
                    WC="0.9939571785926818"></String>
          </TextLine>
          <TextLine ID="line_24"
                    TAGREFS="LT275"
                    BASELINE="370 868 954 868" 
                    HPOS="370.0"
                    VPOS="842.0"
                    WIDTH="584.0"
                    HEIGHT="40.0">
            <Shape><Polygon POINTS="370 868 370 882 427 882 427 881 427 881 428 881 435 877 462 881 468 881 469 881 469 881 472 880 485 877 509 880 516 881 517 881 528 880 558 877 566 880 569 881 570 881 571 881 572 881 572 881 574 880 578 877 580 880 582 881 583 881 584 881 584 881 595 880 612 877 623 880 631 881 632 881 645 880 659 877 747 879 909 881 910 881 954 876 954 868 954 850 915 850 914 849 909 845 909 845 908 845 907 845 884 849 881 849 880 849 867 842 866 842 865 842 840 847 825 842 824 842 823 842 823 842 809 848 807 849 805 848 784 842 783 842 782 842 712 847 709 847 708 847 691 842 690 842 689 842 688 842 687 842 679 847 676 850 656 850 650 847 637 842 637 842 609 842 609 842 608 842 598 847 592 850 511 850 506 846 502 843 502 843 501 843 500 843 499 843 491 846 490 846 479 842 478 842 463 842 462 842 461 842 460 842 455 846 448 850 427 850 421 845 416 842 415 842 415 842 414 842 413 842 404 845 393 849 386 845 382 842 381 842 380 842 379 842 378 842 370 844 370 868"/></Shape>
	    <String CONTENT="iunia non damnantur hoc loco à Paulo. Sic Au¬"
                    HPOS="370.0"
                    VPOS="842.0"
                    WIDTH="584.0"
                    HEIGHT="40.0"
                    WC="0.9831950314666914"></String>
          </TextLine>
          <TextLine ID="line_25"
                    TAGREFS="LT275"
                    BASELINE="370 900 952 902" 
                    HPOS="370.0"
                    VPOS="873.0"
                    WIDTH="582.0"
                    HEIGHT="44.0">
            <Shape><Polygon POINTS="370 900 370 915 403 915 403 914 404 914 405 914 412 909 419 914 420 914 421 914 422 914 423 914 432 909 440 914 440 915 441 915 442 915 443 916 470 916 470 915 477 914 498 909 520 913 530 915 530 915 542 913 560 910 567 913 573 916 574 916 575 916 660 915 661 915 669 913 677 910 736 910 742 912 757 917 758 917 759 917 812 911 819 911 826 911 864 915 864 915 905 911 906 911 907 911 936 916 937 916 938 916 951 910 952 902 950 878 911 880 907 878 904 875 903 875 902 875 841 875 840 875 808 878 779 880 740 878 681 874 680 874 679 874 679 874 674 878 670 880 579 880 575 878 564 873 563 873 532 873 531 873 530 873 520 878 518 879 515 878 494 873 493 873 469 878 465 879 461 878 440 874 440 874 439 874 438 874 432 878 432 879 431 878 423 873 423 873 422 873 421 873 370 878 370 900"/></Shape>
	    <String CONTENT="guſt aduerſus Manichæos lib.6. contra Fauſtum"
                    HPOS="370.0"
                    VPOS="873.0"
                    WIDTH="582.0"
                    HEIGHT="44.0"
                    WC="0.9907495843039619"></String>
          </TextLine>
          <TextLine ID="line_26"
                    TAGREFS="LT275"
                    BASELINE="369 933 950 933" 
                    HPOS="369.0"
                    VPOS="909.0"
                    WIDTH="581.0"
                    HEIGHT="39.0">
            <Shape><Polygon POINTS="369 933 369 944 581 947 582 947 600 944 604 943 616 944 670 947 670 947 671 947 686 943 687 943 691 947 692 947 693 947 694 948 748 948 748 947 749 947 757 943 758 943 876 943 876 943 884 947 885 947 886 947 914 943 925 947 926 947 927 947 950 942 950 933 950 915 892 909 830 909 829 909 793 914 724 909 723 909 722 909 710 915 674 915 666 909 666 909 665 909 590 909 589 909 588 909 576 914 530 910 530 910 529 910 528 910 522 915 469 915 458 909 457 909 456 909 456 909 442 913 423 909 422 909 421 909 420 909 412 915 369 915 369 933"/></Shape>
	    <String CONTENT="cap.8, &amp; 3o, cap.5. Sic Bernar. ſermo. 66. in Cant."
                    HPOS="369.0"
                    VPOS="909.0"
                    WIDTH="581.0"
                    HEIGHT="39.0"
                    WC="0.9790942505294201"></String>
          </TextLine>
          <TextLine ID="line_27"
                    TAGREFS="LT275"
                    BASELINE="371 966 953 967" 
                    HPOS="370.0"
                    VPOS="942.0"
                    WIDTH="583.0"
                    HEIGHT="39.0">
            <Shape><Polygon POINTS="371 966 370 976 460 980 461 980 479 977 483 976 487 977 505 980 506 980 529 977 534 976 540 977 559 980 560 980 561 980 562 980 567 977 569 976 643 976 654 977 692 981 693 981 952 977 953 967 952 945 371 942 371 966"/></Shape>
	    <String CONTENT="qui planè cum hoc loco conuenit, &amp; huius loci"
                    HPOS="370.0"
                    VPOS="942.0"
                    WIDTH="583.0"
                    HEIGHT="39.0"
                    WC="0.9904317207958387"></String>
          </TextLine>
          <TextLine ID="line_28"
                    TAGREFS="LT275"
                    BASELINE="372 998 703 998" 
                    HPOS="372.0"
                    VPOS="973.0"
                    WIDTH="331.0"
                    HEIGHT="40.0">
            <Shape><Polygon POINTS="372 998 372 1012 398 1013 399 1013 399 1013 400 1013 401 1012 408 1007 436 1007 442 1011 444 1013 445 1013 446 1013 447 1013 539 1010 604 1007 605 1008 609 1012 609 1013 610 1013 611 1013 612 1013 613 1013 626 1008 627 1008 644 1013 645 1013 646 1013 669 1007 670 1007 670 1007 686 1013 687 1013 687 1013 688 1013 703 1007 703 998 703 976 602 978 584 974 574 973 573 973 564 974 547 978 525 974 517 973 516 973 515 973 514 973 514 974 514 974 510 978 492 974 490 974 489 974 488 974 467 978 436 973 432 973 432 973 431 973 430 973 415 978 410 973 409 973 408 973 407 973 407 973 406 973 392 977 372 973 372 998"/></Shape>
	    <String CONTENT="Pauli interpres eſt optimus."
                    HPOS="372.0"
                    VPOS="973.0"
                    WIDTH="331.0"
                    HEIGHT="40.0"
                    WC="0.9975935454879489"></String>
          </TextLine>
          <TextLine ID="line_29"
                    TAGREFS="LT275"
                    BASELINE="402 1032 954 1030" 
                    HPOS="401.0"
                    VPOS="1001.0"
                    WIDTH="553.0"
                    HEIGHT="43.0">
            <Shape><Polygon POINTS="402 1032 402 1040 604 1044 605 1044 655 1040 676 1044 677 1044 720 1040 932 1044 933 1044 953 1039 954 1030 953 1007 931 1001 930 1001 898 1001 897 1001 897 1001 885 1007 884 1007 884 1007 868 1001 868 1001 798 1001 798 1001 797 1001 796 1001 789 1007 788 1007 787 1007 773 1001 772 1001 737 1001 736 1001 736 1001 735 1001 735 1002 728 1007 728 1008 680 1008 679 1007 673 1002 672 1002 671 1002 670 1002 670 1002 661 1007 657 1009 613 1009 606 1007 588 1002 588 1002 587 1002 562 1007 553 1008 546 1007 537 1004 536 1004 535 1004 518 1007 506 1008 497 1007 488 1004 487 1004 486 1004 485 1004 485 1004 482 1007 479 1009 438 1009 432 1007 420 1003 419 1003 419 1003 401 1006 402 1032"/></Shape>
	    <String CONTENT="Hanc autem eſſe hæreſin, &amp; diabolicã doctri¬"
                    HPOS="401.0"
                    VPOS="1001.0"
                    WIDTH="553.0"
                    HEIGHT="43.0"
                    WC="0.9814058992597792"></String>
          </TextLine>
          <TextLine ID="line_30"
                    TAGREFS="LT275"
                    BASELINE="367 1064 949 1062" 
                    HPOS="366.0"
                    VPOS="1035.0"
                    WIDTH="583.0"
                    HEIGHT="42.0">
            <Shape><Polygon POINTS="367 1064 368 1077 378 1073 465 1073 471 1076 472 1077 473 1077 473 1077 474 1077 508 1076 577 1073 600 1074 622 1077 623 1077 624 1077 629 1074 633 1073 640 1074 652 1077 653 1077 705 1073 739 1072 747 1073 760 1076 761 1077 812 1077 812 1076 813 1076 814 1076 817 1073 818 1072 838 1073 921 1076 921 1076 948 1071 949 1062 946 1039 904 1040 899 1038 891 1036 890 1036 889 1036 868 1038 851 1040 847 1038 843 1036 842 1036 841 1036 840 1036 839 1036 836 1038 832 1040 764 1040 757 1037 751 1035 750 1035 749 1035 748 1035 739 1037 732 1039 721 1037 709 1036 708 1036 707 1036 703 1037 695 1040 678 1037 672 1036 671 1036 646 1036 503 1040 497 1036 497 1036 496 1036 366 1036 367 1064"/></Shape>
	    <String CONTENT="nam varijs argumentis &amp; rationibus probat Pau¬"
                    HPOS="366.0"
                    VPOS="1035.0"
                    WIDTH="583.0"
                    HEIGHT="42.0"
                    WC="0.9970934689044952"></String>
          </TextLine>
          <TextLine ID="line_31"
                    TAGREFS="LT275"
                    BASELINE="368 1097 952 1095" 
                    HPOS="367.0"
                    VPOS="1068.0"
                    WIDTH="585.0"
                    HEIGHT="42.0">
            <Shape><Polygon POINTS="368 1097 368 1106 469 1105 478 1106 499 1110 500 1110 522 1106 528 1105 534 1106 556 1110 557 1110 558 1110 567 1106 568 1105 572 1106 592 1109 592 1109 593 1109 608 1105 609 1105 610 1105 614 1109 615 1109 616 1109 658 1110 658 1110 716 1104 724 1104 725 1104 734 1109 735 1109 736 1109 781 1105 794 1109 795 1109 796 1109 797 1109 813 1104 823 1109 823 1109 824 1110 900 1110 900 1109 901 1109 901 1109 909 1104 921 1107 921 1107 922 1107 952 1102 952 1095 950 1074 914 1074 914 1073 907 1068 906 1068 905 1068 905 1068 904 1068 891 1072 872 1069 871 1069 870 1069 869 1069 864 1073 864 1073 843 1068 843 1068 842 1068 841 1068 829 1073 828 1074 697 1074 691 1073 674 1069 601 1069 600 1069 600 1069 599 1069 594 1072 591 1074 585 1072 578 1069 577 1069 576 1069 576 1069 567 1072 559 1074 536 1072 510 1069 509 1069 496 1071 487 1073 477 1071 466 1069 465 1069 416 1069 415 1069 415 1069 409 1071 402 1073 367 1071 368 1097"/></Shape>
	    <String CONTENT="lus: ſed imprimis à fine, propter quem cibi à Deo"
                    HPOS="367.0"
                    VPOS="1068.0"
                    WIDTH="585.0"
                    HEIGHT="42.0"
                    WC="0.9802583385916317"></String>
          </TextLine>
          <TextLine ID="line_32"
                    TAGREFS="LT275"
                    BASELINE="366 1129 951 1129" 
                    HPOS="366.0"
                    VPOS="1101.0"
                    WIDTH="585.0"
                    HEIGHT="42.0">
            <Shape><Polygon POINTS="366 1129 366 1138 374 1142 375 1142 376 1142 454 1138 469 1143 470 1143 471 1143 472 1143 493 1138 534 1138 546 1143 547 1143 547 1143 589 1143 589 1143 590 1143 604 1138 621 1143 622 1143 623 1143 718 1139 740 1143 740 1143 741 1143 761 1138 796 1143 797 1143 855 1138 864 1142 865 1142 934 1143 934 1143 935 1143 951 1137 951 1129 950 1101 919 1105 890 1102 889 1102 888 1102 888 1102 880 1107 864 1102 861 1101 860 1101 860 1101 859 1101 857 1102 847 1107 806 1107 790 1102 784 1101 783 1101 782 1101 781 1101 776 1102 761 1107 734 1103 732 1103 732 1103 728 1103 678 1107 670 1104 664 1102 663 1102 662 1102 662 1102 661 1102 658 1104 654 1108 620 1108 611 1105 604 1102 603 1102 567 1101 566 1101 545 1106 543 1106 540 1106 513 1101 512 1101 511 1101 510 1101 510 1102 505 1106 503 1108 487 1108 485 1106 474 1101 473 1101 427 1101 426 1101 425 1101 424 1101 415 1107 414 1108 366 1108 366 1129"/></Shape>
	    <String CONTENT="creati ſunt. Duplex quidem erroris genus hîc à"
                    HPOS="366.0"
                    VPOS="1101.0"
                    WIDTH="585.0"
                    HEIGHT="42.0"
                    WC="0.988249188909928"></String>
          </TextLine>
          <TextLine ID="line_33"
                    TAGREFS="LT275"
                    BASELINE="368 1161 950 1160" 
                    HPOS="367.0"
                    VPOS="1135.0"
                    WIDTH="583.0"
                    HEIGHT="37.0">
            <Shape><Polygon POINTS="368 1161 368 1172 938 1172 939 1172 940 1172 950 1168 950 1160 948 1136 367 1135 368 1161"/></Shape>
	    <String CONTENT="Paulo propoſitum eſt, vnum de cibis: alterum de"
                    HPOS="367.0"
                    VPOS="1135.0"
                    WIDTH="583.0"
                    HEIGHT="37.0"
                    WC="0.9880071726251156"></String>
          </TextLine>
          <TextLine ID="line_34"
                    TAGREFS="LT275"
                    BASELINE="367 1195 949 1192" 
                    HPOS="366.0"
                    VPOS="1167.0"
                    WIDTH="583.0"
                    HEIGHT="51.0">
            <Shape><Polygon POINTS="367 1195 368 1218 391 1208 423 1209 432 1217 432 1217 432 1217 433 1217 434 1217 435 1217 437 1217 469 1208 505 1208 514 1215 517 1217 518 1217 518 1217 519 1218 553 1218 553 1217 572 1214 587 1211 592 1213 600 1217 600 1217 601 1217 682 1217 682 1217 722 1211 731 1215 732 1215 732 1215 748 1213 749 1213 750 1213 754 1210 758 1206 766 1209 781 1216 781 1216 782 1217 813 1217 813 1216 814 1216 814 1216 824 1209 827 1206 840 1208 870 1213 871 1213 872 1213 882 1207 884 1206 948 1206 949 1192 947 1172 886 1167 885 1167 859 1172 843 1167 843 1167 842 1167 841 1167 831 1172 807 1168 806 1168 806 1168 791 1172 780 1167 779 1167 778 1167 777 1167 760 1172 744 1168 744 1168 629 1168 629 1168 628 1168 627 1168 619 1172 600 1168 599 1168 598 1168 597 1168 577 1172 562 1168 561 1168 560 1168 539 1172 534 1168 534 1168 533 1168 532 1168 496 1172 482 1168 481 1168 481 1168 480 1168 479 1168 473 1174 403 1174 395 1169 394 1169 393 1169 366 1174 367 1195"/></Shape>
	    <String CONTENT="coniugio:tamen hoc primum ſolum perſequitur,"
                    HPOS="366.0"
                    VPOS="1167.0"
                    WIDTH="583.0"
                    HEIGHT="51.0"
                    WC="0.9898501485586166"></String>
          </TextLine>
        </TextBlock>
        <TextBlock HPOS="820.97509765625"
                   VPOS="1207.8060302734375"
                   WIDTH="127.566650390625"
                   HEIGHT="29.3770751953125"
                   ID="block_0"
                   TAGREFS="BT17">
          <Shape><Polygon POINTS="820.975 1207.81 948.542 1207.81 948.542 1237.18 820.975 1237.18 820.975 1207.81"/></Shape>
          <TextLine ID="line_35"
                    TAGREFS="LT275"
                    BASELINE="824 1227 950 1227" 
                    HPOS="824.0"
                    VPOS="1199.0"
                    WIDTH="126.0"
                    HEIGHT="45.0">
            <Shape><Polygon POINTS="824 1227 824 1237 837 1243 838 1243 839 1244 856 1244 856 1243 857 1243 858 1243 858 1242 864 1238 865 1237 901 1237 908 1239 917 1243 918 1243 919 1243 920 1243 928 1240 935 1238 949 1241 950 1227 950 1207 930 1206 930 1205 922 1199 921 1199 921 1199 920 1199 919 1199 906 1205 905 1205 905 1205 888 1199 888 1199 887 1199 886 1199 885 1199 880 1203 875 1206 824 1201 824 1227"/></Shape>
	    <String CONTENT="&amp; refutat"
                    HPOS="824.0"
                    VPOS="1199.0"
                    WIDTH="126.0"
                    HEIGHT="45.0"
                    WC="0.9991142749786377"></String>
          </TextLine>
        </TextBlock>
      </PrintSpace>
    </Page>
  </Layout>
</alto>
