1000 1448
600.0 85.0 37.0 54.0 27

247.0 106.0 180.0 26.0 CAPVT. V.

68.0 127.0 575.0 46.0 vinculis irretitus. Quid ergo fecit Eccleſia & cõ

67.0 163.0 579.0 42.0 feſsio, niſi quod ait Dominus continuò ad diſci¬

69.0 196.0 580.0 41.0 pulos, Soluite illum, & ſinite abire. Ergo nõ eſt

67.0 227.0 581.0 43.0 ſatis ei qui publicè peccauit, interni animi com¬

67.0 260.0 580.0 41.0 punctione affici, niſi datum à ſe offendiculum

68.0 293.0 579.0 38.0 tollat, & reſarciat aperta culpæ ſuæ confeſsione,

68.0 325.0 581.0 41.0 vt ſi qui prius illius exemplo peccare vellent vel

69.0 357.0 578.0 38.0 didiciſſent, iam contrario eiuſdem exemplo reſi¬

69.0 390.0 580.0 41.0 piſcant, & auertantur. Fit enim hæc cõfeſsio non

69.0 423.0 580.0 37.0 ad peccatorum remiſsionem impetrandã à Deo:

69.0 455.0 581.0 39.0 ſed ad Eccleſiam ædificandam, quæ ſcelere illius

68.0 486.0 224.0 42.0 deſtrui videbatur.

97.0 518.0 553.0 37.0 Obiiciunt irem, Hæc confefsio publica affert

67.0 553.0 582.0 39.0 infamiam, cùm iam peccatũ negare nõ poſsit is

69.0 584.0 581.0 41.0 qui publicè agnouit. Reſpond. Minimè verò, I¬

68.0 616.0 581.0 42.0 mò & Eccleſiæ, & ipſis adeò Angelis illa gaudiũ

69.0 649.0 581.0 42.0 affert, cùm ſit certiſsimum reſipiſcentiæ animi

68.0 684.0 582.0 39.0 teſtimonium, & aberrantis ouis receptio, atque

68.0 714.0 578.0 42.0 inuentio. Malach. 18.verſ.1o. Luc.15.verſ.1o. Neq;

67.0 746.0 582.0 43.0 certè laudem dare Deo (quod fit hac publica cõ¬

68.0 781.0 581.0 40.0 feſſione apertiſſimè, quemadmodum docet Au¬

68.0 811.0 582.0 44.0 guſtinus in Pſal.141.) cuiquam Chriſtiano vnquã

65.0 844.0 583.0 41.0 irrogauit infamiam. Et longè diſtat hæc Eccle¬

66.0 877.0 584.0 40.0 ſiaſtica cenſura à ciuili confeſsione. quæ Amenda

67.0 909.0 583.0 39.0 honoraria vocatur: quòd hæc hominum ratione

68.0 942.0 582.0 41.0 fit, illa Dei: hæc pro pœna ſtatuta eſt, illa pro ædi¬

69.0 973.0 580.0 42.0 ficatione Eccleſiæ, & teſtimonio æternæ ſalutis.

101.0 1006.0 548.0 37.0 Cæteræ obiectiones ſunt leues & nullius mo¬

68.0 1037.0 580.0 43.0 menti. Itaque à nobis prætermittentur hoc loco.

106.0 1080.0 546.0 47.0 21 Obteſtor in conſpectu Deï, & Domi¬

69.0 1122.0 583.0 45.0 ni Ieſu Christi, & electorum Angelorum,

69.0 1161.0 583.0 52.0 ut hæc ſerues abſque eo, vt vnum alteri præ¬

507.0 1202.0 65.0 46.0 x.iij.
