1000 1448
591.0 94.0 37.0 53.0 239

225.0 107.0 128.0 22.0 CARVT

355.0 107.0 35.0 24.0 V.

264.0 185.0 90.0 44.0 CAP.

389.0 191.0 30.0 43.0 V.

161.0 236.0 470.0 56.0 ENIOREM ne increpato, ſed

159.0 283.0 468.0 51.0 hortare vt patrem, iuniores vt fra¬

164.0 319.0 69.0 38.0 tres.

66.0 355.0 563.0 53.0 Μετάβαζις. Tranſitenim, & ordine quidẽ Paulus,

47.0 392.0 582.0 48.0 à doctrina ad mores, cuius vtriuſque rei cura ad

45.0 425.0 582.0 49.0 veros paſtores & Eccleſiæ præpoſitos pertinet.

45.0 458.0 583.0 46.0 Sed prius de vitiis, quæ doctrinæ ratione obre¬

45.0 491.0 580.0 44.0 punt, & hæreſes dicuntur, fuit dicendum. Poſtea

43.0 523.0 583.0 48.0 autem de morum vitijs, & eorum emendatione,

47.0 555.0 579.0 47.0 quam hoc loco perſequitur, vti & in Epiſtola

45.0 588.0 580.0 48.0 poſteriori ad hunc ipſum Timotheum, & ad Ti¬

41.0 624.0 582.0 42.0 tum cap 2. Dicitur autem alio nomine hæc cor¬

40.0 651.0 582.0 50.0 reptio & emendatio, cenſura Eccleſiaſtica, quæ

43.0 685.0 578.0 48.0 poteſtatis clauium pars eſt. Sic autem & hoc loco

41.0 715.0 581.0 51.0 & alibi loqui videtur Paulus, vt vni epiſcopo eã

38.0 748.0 583.0 50.0 tribuat, non autem toti ipſi Eccleſiæ, non item

42.0 783.0 576.0 47.0 cœtui & ſenatui Preſbyterorum. Id quod perpe¬

38.0 817.0 582.0 46.0 ram intellectum duplicẽ errorem peperit. Pri¬

37.0 847.0 581.0 47.0 mum eorum, qui totam Eccleſiæ ipſius iuriſ¬

37.0 879.0 581.0 50.0 dictionem vnius tantùm perſonæ, id eſt, Epiſcopi

37.0 912.0 580.0 49.0 arbitrio vindicarunt & aſſeruerunt, ex quo ipſo

35.0 943.0 580.0 49.0 inducta eſt poſtea ſuperba Epiſcoporum tyran¬

33.0 979.0 582.0 44.0 nis. Alterum eorum, qui vt hunc errorem cor¬

34.0 1008.0 579.0 48.0 rigerent, ipſi ſecundum induxerunt, & ad vniuer¬

33.0 1040.0 580.0 48.0 ſam, quam vocant, Eccleſiam, id eſt, ad ſingulos

33.0 1073.0 580.0 50.0 de Eccleſia hanc poteſtatem retraxerunt, & ita

33.0 1106.0 579.0 48.0 per malum malo mederi ſtuduerunt, malo nodo

33.0 1139.0 579.0 49.0 vt eſt in Prouerbio, malum cuneum quærentes.

29.0 1171.0 579.0 58.0 Denique inciderunt in Scyllam, dum cupiunt vi¬
