1000 1448
374.0 103.0 62.0 21.0 202

480.0 87.0 380.0 40.0 AD I. PAVL. AD TIM.

366.0 119.0 578.0 49.0 poſſint. Reſpond. Deum quidẽ in quem vult do¬

366.0 156.0 579.0 41.0 na ſua conferre. Itaque eum nobis eligendũ eſſe,

365.0 189.0 581.0 41.0 cui maiores dotes & χαρίσματα Deꝰ ipſe dederit.

370.0 219.0 577.0 45.0 Tamen longè tutiùs eſſe, vt, niſi magna aliqua

367.0 254.0 579.0 42.0 cauſa ſubſit, ij potiſſimum eligantur, qui diutius

366.0 286.0 581.0 38.0 in ſacræ Scripturæ lectione verſati ſunt, & à tene¬

366.0 318.0 580.0 42.0 ris annis ſanam Domini doctrinam tum didice¬

364.0 354.0 348.0 39.0 runt, tum etiam profeſſi ſunt.

399.0 381.0 549.0 47.0 Secũdò quæritur, An à ſuſcepta ſemel profeſ¬

366.0 415.0 583.0 44.0 ſione Euangelici miniſterij abduci & reuocari

366.0 448.0 581.0 44.0 homines paſtores poſſint. Vult enim Paulus Ti¬

365.0 483.0 582.0 41.0 motheum in ea cognitione & arte perſeuerare,

367.0 514.0 582.0 41.0 quam ſemel aſſectatus eſt. Deinde damnantur &

366.0 545.0 583.0 43.0 Demas & Marcus, qui Paulum deſeruerant, &

366.0 577.0 584.0 43.0 ſuſceptam ſemel miniſterij vicariam delegationẽ

366.0 610.0 584.0 43.0 reliquerant, mutato vitæ genere ac inſtituto. Reſ.

365.0 641.0 586.0 44.0 Deum nullum huiuſmodi tam arctum & ſtrictũ

366.0 674.0 584.0 44.0 vinculum inter paſtorem & gregem inſtituiſſe, vt

366.0 708.0 584.0 42.0 nunquam ſolui poſſit. Sæpe enim ex multis, & iis

369.0 740.0 581.0 41.0 quidẽ iuſtis, cauſis liberantur paſtores, & habent

366.0 771.0 585.0 45.0 à ſuo ſuſceptóque munere legitimam miſſionem.

367.0 806.0 584.0 41.0 Id tamen, niſi ex iuſta cauſa fiat, proculdubio in

367.0 837.0 583.0 40.0 temeritatis & eius quidem turpiſsimæ non tan¬

366.0 868.0 585.0 42.0 tùm ſuſpicionem, ſed etiam criminationem meri¬

367.0 900.0 583.0 40.0 tò incidit, qui conſilium ſuſcepti ſemel miniſterij

367.0 933.0 585.0 41.0 mutauit & deſerit. Et quòd Demas, & Marcus

368.0 968.0 584.0 39.0 damnantur, ex eo eſt, quòd ſeculum Deo prætu¬

366.0 1000.0 584.0 40.0 lerant: non tamen propterea excommunicantur,

367.0 1030.0 586.0 39.0 aut eiiciuntur ex Eccleſia à Paulo, etſi nulla fuit

367.0 1062.0 587.0 44.0 deſerẽdi miniſterij iuſta, quæ ab iis prætẽderetur

367.0 1096.0 584.0 45.0 cauſa. Et quòd ait Bernard.epiſtola 87.Aut ergo

368.0 1130.0 585.0 42.0 oportuit te gregem dominicum minimè ſeruan¬

369.0 1160.0 584.0 52.0 dum ſuſcipereraut ſuſceptum nequaquam relin¬

876.0 1200.0 77.0 40.0 quere
