1000 1448
238.0 108.0 214.0 24.0 CABVT IIII.

584.0 93.0 45.0 46.0 217

53.0 128.0 576.0 44.0 his verbis, quæ recito vt appareat, quantum no¬

53.0 163.0 576.0 42.0 ſtri Monachi ab illis veteribus differant. Veræ,

53.0 195.0 576.0 41.0 ait ille, domus luctus ſunt Monaſteria, vbi cinis

53.0 228.0 577.0 39.0 atque cilicium: vbi ſolitudo, vbi riſus nullus, nul¬

53.0 261.0 575.0 41.0 lus negotiorum ſecularium ſtrepitus, vbi ieiunia,

55.0 294.0 575.0 35.0 vbi terrenorum duritia lectulorum, vbi munda

53.0 324.0 574.0 38.0 ſunt omnia. Nullus ibi nidoribus locus, nulli ſan¬

54.0 358.0 576.0 41.0 guinis riui, &c. quæ quantum ab Monaſtica vita

51.0 389.0 579.0 37.0 noſtri ſeculi differunt vident omnes. Et Bernar¬

51.0 420.0 579.0 42.0 dus in Apolo. ad Guill. Abbatem veriſſimè mul¬

51.0 454.0 578.0 40.0 ta de luxu Monachorum & ἀσωτία dixit, quæ ho¬

49.0 486.0 580.0 38.0 die, vti alia vitia omnia, in ijs maior eſt & intole¬

49.0 518.0 580.0 42.0 rabilior, quàm vnquam: imò verò prorſus inſa¬

48.0 551.0 581.0 37.0 nabilis & inueterata. Sed & hoc vitæ genus viris

49.0 581.0 577.0 44.0 quibuſdam bonis ſtatim diſplicuit, & poſtea Sy¬

49.0 616.0 579.0 40.0 nodis vti Gangrenſ. & Matiſconenſi, improbatũ

49.0 648.0 577.0 40.0 eſt & velut ſuperſtitioſum damnatũ. Modũ verò

49.0 682.0 576.0 37.0 non habuit, cùm quotidie noui ritus, inauditæq;

49.0 715.0 578.0 35.0 ſuperſtitiones inducantur, vt nouus Monachorũ

48.0 744.0 578.0 39.0 ordo excudatur, veluti Stilidæ olim: nunc Ieſuite,

48.0 779.0 578.0 40.0 adeò vt non ſi mihi centum ſint linguæ, ſint orá

49.0 812.0 577.0 39.0 que centũ, ferrea vox, poſſim eorum varias com¬

48.0 843.0 578.0 42.0 prehendere formas. Sed & illud immane, quod

48.0 877.0 575.0 40.0 inter eos ipſos huiuſmodi genera reperiuntur,

46.0 908.0 581.0 42.0 quæ humanam exuant naturam prorſus & in bel¬

46.0 942.0 580.0 38.0 luinam mutent qualia ſunt hæc Armenta Bασκοὶ &

46.0 972.0 577.0 40.0 ἀπαθεῖς vt eſt apud Nicephorum lib. 14. cap.50.

51.0 1004.0 574.0 41.0 Tamen nunquam iſtæ laudes tantùm obtinue¬

46.0 1036.0 579.0 42.0 runt, vt propterea reliqua Chriſtianorum gene¬

45.0 1069.0 580.0 41.0 ra, quæ nihil cum iſta ἀυθαδεία & vitæ genere cõ¬

46.0 1102.0 579.0 36.0 mune habent, minus ad Chriſtum pertinere cen¬

45.0 1134.0 580.0 40.0 ſerentur. Dixit Paphnutius Epiſcopus in Ni¬

45.0 1166.0 578.0 53.0 cęna Synodo, in omni ordine, & non in ſolo Mo¬
