1000 1448
382.0 98.0 56.0 25.0 340

495.0 81.0 377.0 40.0 AD I. PAVL. AN TIM.

375.0 113.0 574.0 44.0 dorum vocatione diximus. Etſi enim eſſe debet,

374.0 152.0 576.0 36.0 interna vocatio & affectus in eo qui munus ali¬

375.0 183.0 577.0 39.0 quod acceptat: ea tamen interna vocatio etiã ex¬

374.0 213.0 578.0 42.0 ternam, tanquam ſenſus illius interni teſtem, ad¬

373.0 246.0 578.0 41.0 hibet, & expectat, niſi quis extraordinariè à Deo

375.0 279.0 575.0 38.0 ipſo impelleretur. Interna enim vocatio, quæ ex¬

375.0 311.0 575.0 38.0 ternam ſpernit, non tantùm falſa eſt, & mera ar¬

374.0 345.0 577.0 38.0 rogantia, ſed etiam violat Dei præceptum: &

375.0 375.0 575.0 41.0 turbat diſciplinam Eccleſiæ: neque à Deo eſt,

374.0 407.0 578.0 42.0 ſed eſt animi impia phreneſis. Id quod etiam in

375.0 440.0 578.0 41.0 quadam ſua ad Magnum epiſtola Cyprian. re¬

377.0 474.0 575.0 40.0 ſpondit. Sed & ipſum electionis & vocationis

374.0 505.0 579.0 41.0 nomen huic à ſeipſo de ſeipſo factæ ordinationi

376.0 536.0 575.0 44.0 planè repugnat, cùm is demum dicatur Vocari,

378.0 572.0 274.0 41.0 qui ab alio accerſitur.

408.0 599.0 545.0 43.0 Sed neque à quolibet Electio facta legitima

372.0 633.0 582.0 42.0 eſt, in muneribus præſertim Eccleſiaſticis. Nam

373.0 666.0 579.0 41.0 ab vno tantùm aliquo facta alicuius ad dignita¬

373.0 697.0 581.0 43.0 tem Eccleſiaſticam electio, rata & legitima non

374.0 730.0 579.0 43.0 eſt, ſiue ab ipſo principe illa fiat, ſiue ab eo, qui

375.0 762.0 576.0 44.0 Eccleſiæ patronus dicitur, ſiue ab eo ſolo qui in

373.0 794.0 580.0 44.0 Diœ ceſi Metropolitanus eſt, & Eccleſiæ πey:σῶς

374.0 828.0 580.0 42.0 & πρόεδρος. Neq; enim Eccleſiæ, quæ in terris eſt,

373.0 858.0 579.0 44.0 regimen & adminiſtratio nobis à Chriſto reli¬

374.0 892.0 578.0 41.0 cta, eſt Monarchia quædam: ac multò minus ty¬

374.0 924.0 579.0 41.0 rannis: ſed eſt Ariſtocratia, vt docemur parabo¬

374.0 955.0 579.0 44.0 la Chriſti, quæ eſt Matth.24. verſ.49. & 25.verſ.14.

375.0 987.0 576.0 44.0 Itaque vetat Petrus etiam ipſos Epiſcopos Ku¬

373.0 1018.0 581.0 42.0 ρεέυαν in Eccleſia: & Chriſtus ipſe diſsimilẽ pla¬

373.0 1052.0 581.0 43.0 nè regum in ſuos ſubditos: & Paſtorum in Eccle¬

374.0 1084.0 580.0 45.0 ſias ſuas poteſtatem eſſe dixit 1.Pet.5.Luc.22. Ita¬

378.0 1117.0 578.0 42.0 que qui omnes ſimiles faciunt, omnia perturbãt.

377.0 1148.0 576.0 56.0 Quare ne à rege quidẽ ipſo ſolo, vel ab vno dun¬

884.0 1184.0 72.0 47.0 taxat
