1000 1448
590.0 96.0 35.0 52.0 255

218.0 106.0 170.0 25.0 CAPVT v.

44.0 120.0 454.0 55.0 debent agnoſcere pij homines & filij.

78.0 156.0 546.0 54.0 Ratio huius præcepti hîc multiplex affertur à

44.0 191.0 579.0 53.0 Paulo. I A conſequenti vel conſentaneis. Sibi i¬

44.0 223.0 580.0 54.0 pſis hoc quodammodo liberi impendunt, quod

44.0 257.0 578.0 51.0 in parentes ſuos conferunt: habent enim à pa¬

42.0 289.0 578.0 52.0 rentibus, vt ſint, & ſunt cum illis vna caro & vnus

38.0 320.0 583.0 54.0 ſanguis 2 Ab officio, oportet liberos rependere

42.0 357.0 577.0 49.0 parentibus quodammodo quod ab iis acceperũt.

41.0 387.0 580.0 50.0 Id enim lex ipſa naturæ iubet & dictat, quæ nos

40.0 418.0 580.0 52.0 obligat ad ἀντιδῶρα, vt Iuriſconſulti doceut, &

41.0 452.0 576.0 48.0 ad ἀντιπελαργίαν, quam hoc loco vocat ἀμεελὴν

39.0 485.0 581.0 48.0 Paulus. Hoc exemplo Ciconiarum facere doce¬

38.0 516.0 582.0 51.0 mur. 3 Ab honeſto. Hoc ipſum Deo gratum eſt

37.0 552.0 578.0 48.0 & acceptum. Quod ex præcepto Honora patrem

37.0 581.0 578.0 52.0 & matrem, ſatis intelligi poteſt. Illa enim voce,

36.0 616.0 578.0 46.0 Honora: non tantùm reuerentia quædam exter¬

36.0 644.0 577.0 51.0 na ſignificatur, ſed etiam ſubſidium vitæ, quod

34.0 678.0 579.0 51.0 eſt à liberis parentibus præſtandum. Quod offi¬

33.0 711.0 581.0 50.0 cium etiam pietas hoc loco nominatur, & à Pla¬

32.0 744.0 578.0 49.0 tone iuſtitia. At hæc omnia iura ſemel violant,

34.0 777.0 575.0 51.0 qui religionis & Monaſticæ vitæ, quam profiten¬

31.0 810.0 578.0 49.0 tur, prætextu, ſe ab ea de parentibus alendis cura

30.0 840.0 579.0 52.0 liberatos eſſe contendunt, quòd Monachi facti

29.0 876.0 579.0 45.0 ſint. Denique omne liberorum in parentes obſe¬

30.0 905.0 579.0 52.0 quium abiiciunt, & officium ſuum, propter votũ

28.0 937.0 581.0 51.0 Monachatus à ſe ſemel ſuſceptum, ceſſare & nul¬

27.0 970.0 578.0 50.0 lum iam vſum aut locum habere debere ſentiũt.

31.0 1003.0 573.0 48.0 Quæ ſanè eſt horrenda impietas & omnis huma¬

26.0 1036.0 224.0 37.0 ni ſenſus violatio.

60.0 1065.0 545.0 54.0 Quod autem de parentibus alendis à proprijs

21.0 1098.0 580.0 54.0 liberis & nepotibus Paulus hoc loco præcipit &

21.0 1133.0 579.0 51.0 tradit, omnino latius patet. Omnes enim eos, qui

22.0 1168.0 576.0 53.0 parentum loco ſunt, etiam complectitur:non tã¬
