1000 1448
358.0 93.0 49.0 22.0 312

470.0 76.0 378.0 38.0 AD I. PAVL. AD TIM.

357.0 112.0 576.0 43.0 Petri debere paſtores toti gregi eſſe exemplar vi

357.0 145.0 577.0 43.0 tæ ſanitate doctrinæque puritate, cęteríſq; prælu

358.0 180.0 575.0 38.0 cere.1.Petr.5. verſ.3. Ergo quemadmodũ vna ex

360.0 212.0 572.0 40.0 parte diligenter illis cauendum, eſt ne propriis

358.0 242.0 576.0 41.0 collegarúmve peccatis conniueant: ſic ex altera

359.0 279.0 573.0 38.0 parte proſpiciendum, ne ad facilem criminatio¬

358.0 308.0 574.0 41.0 nem & accuſationem aditum aliquem proteruis

358.0 338.0 575.0 44.0 hominibus & iugum diſciplinæ eceleſiaſticæ re¬

358.0 370.0 575.0 45.0 nuentibus & excutientibus præbeãt. Falſa eſt qui

358.0 404.0 576.0 42.0 dem illa Papiſtarum ratio, qui poſtquam vniuer¬

356.0 436.0 577.0 41.0 ſum Domini gregem diſtribuerunt in Laicos &

357.0 468.0 576.0 41.0 Clericos, fingunt laicos eſſe infeſtos acperpetuos

357.0 501.0 576.0 42.0 Clericorum hoſtes, eóſque innato quodã ex cle¬

355.0 533.0 577.0 40.0 ricalis dignitatis fulgore & priuilegiis odio pro¬

358.0 567.0 573.0 39.0 ſequi. Itaque cano. Nullus laicus, & cano. Laicos.

354.0 598.0 579.0 40.0 2.quæſt.7.omnes laicos, quamuis probatæ vitæ vi

353.0 629.0 579.0 40.0 ros pontificij ab accuſatione & teſtimonio in cle¬

352.0 660.0 581.0 41.0 ricos dicendo ſummouent. Sed peruerſe. Primũ

354.0 693.0 578.0 44.0 enim contra Chriſtia. charitatis pręcepta illud o¬

353.0 727.0 579.0 38.0 dium in omnibus, qui ſubiiciuntur, ineſſe præſu¬

353.0 760.0 577.0 38.0 munt, cùm non ſit charitas ſuſpicioſa. Deinde res

353.0 789.0 575.0 41.0 ipſa docet, qui Chriſtiani aliis ſubſunt, eos pro¬

356.0 824.0 574.0 40.0 pter Dei verbum ex animo paſtores, præpoſitóſ¬

356.0 854.0 573.0 43.0 que ſuos diligere, illíſque ſubiici lubenter velle,

358.0 888.0 572.0 40.0 quia non ſunt paſtores euangelici animorum ty¬

355.0 918.0 576.0 41.0 ranni. Quid igitur? Poſſunt fateor in eccleſia Dei

355.0 950.0 575.0 43.0 eſſe efftenes homines: poſſunt eſſe ſimplices: poſ¬

357.0 983.0 574.0 41.0 ſunt eſſe hypocritæ & aſtuti, qui cùm doctrinæ

356.0 1015.0 572.0 43.0 ipſius firmitatem concutere non poſſunt: neque

357.0 1048.0 574.0 42.0 aliter myſteria arrodere: in perſonas miniſtrorũ

355.0 1079.0 575.0 45.0 debacchãtur impudenter, vt eorum autoritatem

357.0 1113.0 485.0 42.0 eleuent & imminuant quantum poſſunt.

389.0 1144.0 541.0 58.0 Atque ca ſemper arte Satan tacitè tanquam

881.0 1180.0 48.0 49.0 per
