1000 1448
393.0 96.0 69.0 30.0 334

485.0 83.0 379.0 36.0 AD I. PAVL. AD TIM.

391.0 115.0 579.0 45.0 ta ipſa multitudine eccleſiæ & à quoque fideli

389.0 152.0 578.0 42.0 ſoffragiũ ſigillatim ferente fieri debeat, quęſitum

390.0 185.0 577.0 41.0 eſt. Reſ. Senatu ſuffragium ferente in conſiſtorio

390.0 218.0 577.0 40.0 fieri debet excommunicatio, ad quem ſenatum

389.0 250.0 578.0 41.0 morum & doctrinæ cura, diiudicatio, & æſtima¬

390.0 283.0 578.0 41.0 tio pertinet, conſcia tamen & approbante poſtea

390.0 314.0 579.0 41.0 eccleſia tota, cui illa res, actio, ſententia ſena¬

390.0 348.0 577.0 40.0 tus & cauſſa nota fieri debet, vt eam approbet ip

389.0 380.0 578.0 42.0 ſa, vel reprobet vt ſuprà docuimus. Quod enim

390.0 415.0 577.0 39.0 omnes tangit, ab omnibus fieri debet, ſed à quo¬

390.0 444.0 578.0 43.0 que pro eo gradu (vt docet Ambroſius lib. de Di¬

391.0 478.0 577.0 39.0 gnitare ſacerdotali. cap.31) & ordine, quem habet

391.0 510.0 575.0 36.0 in Dei Eccleſia. Hæc ſententia editis libris con¬

390.0 539.0 577.0 41.0 firmata eſt, & abũdè antea à nobis probata. Obi¬

389.0 573.0 578.0 38.0 ter autem, quid in hoc dicto Chriſti, dic Eccleſię,

391.0 607.0 579.0 40.0 vox Eccleſiæ valeat & ſignificet explicatum eſt

388.0 637.0 581.0 40.0 etiam in ca. Nullus in verbo Eccleſia diſt. 63.item

386.0 670.0 581.0 42.0 cano. Eccleſia de conſecratio. diſt.1.& cano. ſcire.

391.0 705.0 579.0 37.0 7.quæſt.1. ne putent qui nobis contradicunt, no¬

389.0 738.0 579.0 36.0 uam aliquam interpretationem à nobis excuſam,

390.0 769.0 579.0 40.0 & fabrefactam. Eſt igitur illic Eccleſia accepta

390.0 802.0 579.0 41.0 pro ipſo cœtu præpoſitorum Eccleſiæ, id eſt, pro

390.0 834.0 579.0 42.0 paſtoribus & Presbyteris. ſed & Dauid Kimhi in

391.0 867.0 577.0 42.0 Ol5 ait nomine Domus Iſrael ſæpe ſolum Syne¬

390.0 901.0 550.0 39.0 drion contineri, & deſignari in ſacra ſcriptura.

423.0 933.0 545.0 37.0 Quæritur autẽ tertio loco. Propter quas cauſ¬

390.0 964.0 581.0 41.0 ſas fieri debeat excommunicatio. Scholaſtici di¬

390.0 996.0 581.0 41.0 ſtinguunt, & volunt Minorem quidem propter

391.0 1032.0 580.0 37.0 peccatum quodlibet fieri poſſe. Maiorem autem

391.0 1061.0 579.0 39.0 excommunicationem non niſi propter crimen,

392.0 1093.0 580.0 42.0 id eſt, tale peccatum, quod & graue ſit, & pœnam

393.0 1127.0 579.0 40.0 publicam à magiſtratu mereatur, quale eſt adul

390.0 1157.0 581.0 48.0 terium, homicidium voluntarium, falſi crimen &

911.0 1194.0 57.0 43.0 cæt.
