1000 1448
372.0 100.0 64.0 32.0 272

474.0 84.0 376.0 43.0 AD I. PAVL. AD TIM.

371.0 110.0 578.0 58.0 Diaconis ſunt, quibus ſubiiciuntur & parẽt, red¬

370.0 146.0 579.0 53.0 duntque rationem ſuæ vocationis: Diaconi verò

371.0 180.0 580.0 54.0 ipſi, toti eccleſiæ. Vnde non tam fuit munus hoc

373.0 211.0 577.0 56.0 publicum, quàm ſubſidium aliquod à Diaconis

374.0 244.0 579.0 56.0 quęſitum: partim, quòd vniuerſis eccleſię pauperi

375.0 276.0 577.0 53.0 bus ſubuenire propter numerum tunc non poſ¬

374.0 308.0 585.0 56.0 ſent: partim, quòd vt & Epiphanius & Chryſoſto.

374.0 345.0 580.0 50.0 ait, pleraque circa pauperes vel egroros, vel men

374.0 374.0 580.0 53.0 ſas ipſas eccleſiæ parãdas commodius à fœminis

375.0 409.0 580.0 51.0 adminiſtrãtur, quàm à maribus: nec modo cõmo

377.0 439.0 577.0 53.0 dius: ſed etiam honeſtius fiunt & geruntur: vt ſi

377.0 472.0 578.0 53.0 ægrotet Chriſtiana mulier, vel ęmorroide labo¬

377.0 504.0 579.0 51.0 ret, aut aliis huiuſmodi morbis occultis, & quę ho

378.0 534.0 580.0 54.0 neſtè a maribus tractari non poſſunt. Ad eam e¬

378.0 567.0 582.0 53.0 nim honeſtius alia mulier admittitur, quam mas

380.0 600.0 582.0 54.0 aliquis Diaconus & medicus: ergo honeſtas hoc

381.0 641.0 335.0 45.0 munus ſuaſit admittendum.

411.0 664.0 553.0 53.0 Deinde neceſſitas. Neque enim omnia munia

381.0 696.0 581.0 55.0 & miniſteria primum obire potuerunt ſoli Dia¬

381.0 731.0 585.0 50.0 coni, cùm tota eccleſia, more Laconũ, ſimul epu¬

381.0 762.0 586.0 49.0 laretur, & Α’γάπας & conuiuia cõmunia celebraret

384.0 795.0 583.0 52.0 in teſtimonium mutuæ charitatis. Sic enim fiebat

384.0 829.0 583.0 47.0 & vt alij aliis. i. ditiores pauperibus ſubuenirent,

386.0 863.0 581.0 47.0 ac ea quę erant victui neceſſaria tanquam in cõ¬

387.0 893.0 581.0 52.0 muni ſuppeditarentur Actor.4. & 6. Itaque ali¬

387.0 925.0 582.0 49.0 quæ ſubſidiariæ oper ę & miniſteria, eáque com¬

387.0 957.0 583.0 51.0 moda Diaconis quærenda ad menſarum admini¬

388.0 992.0 583.0 49.0 ſtrationẽ fuerunt, ad quę aſcitæ ſunt hę fœminę.

391.0 1022.0 580.0 52.0 Quas vetuſtiſſ. & primæua eccleſia habuit. Dein¬

390.0 1058.0 584.0 47.0 de verò cęteræ eccleſiæ, imprimis autem eæ, in

391.0 1089.0 584.0 50.0 quibus diligens pauperum cura & ratio habita

391.0 1120.0 584.0 49.0 eſt, eum morem, eáſque Diaconiſſas retinuerunt

390.0 1160.0 427.0 52.0 etiam poſt Apoſtolorum tempora.

891.0 1186.0 85.0 44.0 Tertio
