1000 1448
602.0 72.0 10.0 55.0 2

278.0 98.0 169.0 25.0 CAPVT V.

68.0 111.0 582.0 52.0 deſierit. Reſp. non eſſe ex mente Pauli eligendã

65.0 154.0 581.0 44.0 ſexagenariam, quæ adhuc vxor manet, quia de vi¬

66.0 187.0 580.0 42.0 duis loquitur Paul': & variis illis muneribus & cu

65.0 218.0 580.0 45.0 ris nimiũ illa diſtraheretur, ſi iam alligata ſit viro

65.0 252.0 578.0 43.0 ſuo: & tamen cura etiam pauperum illi ſit ge¬

64.0 284.0 580.0 44.0 renda. Vtrique enim oneri ac curæ vna ſatis eſſe

65.0 316.0 574.0 44.0 non poteſt. Nam quæ nupta eſt, inquit Paulus,

63.0 349.0 579.0 44.0 curat ea, quæ ſunt mundi, & quomodo placitura

62.0 381.0 580.0 41.0 ſit viro 1.Corinth.7.verſ.34. Ergo ea, quæ funt

63.0 414.0 582.0 44.0 Dei & pauperum, liberè, quemadmodum Diaco.

62.0 447.0 580.0 38.0 niſſam decet iam curare aut adminiſtrare nõ po¬

61.0 477.0 580.0 41.0 teſt. Alia verò & diuerſa eſt ratio viri & epiſcopis

61.0 514.0 580.0 41.0 qui quanquam cùm eſt maritus, curat, quomodo

59.0 547.0 581.0 40.0 ſit vxori placiturus. 1.Corint.7.ver.31. tamen non

59.0 577.0 581.0 42.0 perinde in ea cura ſubiicitur vxori, quemadmodũ

61.0 607.0 576.0 47.0 vxor viro. Itaque manens maritus, munus eccle¬

57.0 640.0 385.0 45.0 ſiaſticum gerere ac obire poteſt.

97.0 682.0 541.0 52.0 10 In operibus bonis idones teſtimanio

57.0 720.0 580.0 53.0 ornata, ſi liberos educauit, ſi fuit hoſpitalis,

57.0 760.0 579.0 50.0 ſi ſanctorum pedes lauit, ſi afflictis ſubuenit

56.0 800.0 512.0 48.0 ſi omne bonum opus eſt aſsidüé ſectata.

86.0 841.0 548.0 49.0 Αύξησις. Amplificat enim ornamenta futuræ &

55.0 877.0 579.0 44.0 eligendæ Diaconiſſæ, quòd eam publica voce to¬

55.0 909.0 578.0 43.0 tius eccleſiæ & aliorum etiam extraneorum ho¬

54.0 938.0 580.0 47.0 minum, qui à fide Chriſti ſunt alieni, conſenſu

54.0 974.0 579.0 43.0 vult habere idoneum teſtimonium & probitatis,

53.0 1007.0 580.0 43.0 & charitatis, & beneficentiæ, & curæ & diligen¬

54.0 1039.0 573.0 46.0 tię. Hoc idem ſupra in Epiſcopis requirebat cap.

58.0 1076.0 573.0 39.0 3verſ.7. ex quo apparet quanti ſit momenti pu¬

54.0 1103.0 579.0 45.0 blica illa fama & opinio de nobis cõcepta, modo

52.0 1141.0 578.0 36.0 non temere, ſed idoneis argumentis & teſtibuz

50.0 1168.0 579.0 54.0 fulta ſpargatur. Eſt enim velut quidam odor?

475.0 1203.0 58.0 47.0 fiij
