1000 1448
378.0 116.0 70.0 24.0 206

483.0 108.0 381.0 34.0 AD I. PAVL. AD TIM.

372.0 137.0 578.0 44.0 voei gratiam efficaciámque promeretur oratio.

405.0 176.0 545.0 36.0 Pietatem) Non tantùm doctrinam ipſam de

371.0 203.0 579.0 43.0 ſide complectitur hoc loco vox ἀσεβάας: ſed i¬

370.0 238.0 580.0 44.0 pſius doctrinæ præſtationem & praxin, quæ in

374.0 271.0 576.0 42.0 vita, conuerſatione, charitate, cultu Dei, cæte¬

369.0 301.0 580.0 44.0 riſque ſimilibus aliis rebus poſita eſt, vt Paulus

368.0 335.0 579.0 44.0 ipſe inf.verſ.12. interpretatur. Id quod ex ſequen¬

370.0 367.0 527.0 45.0 tis verſiculi ἀντεθέσαι manifeſtiſſimè apparet.

399.0 398.0 547.0 46.0 Ex hoc loco facile colligi poteſt, Chriſtianæ

371.0 431.0 575.0 46.0 Theologiæ cognitioniſque veri Dei verum finẽ

366.0 468.0 580.0 41.0 non in mera contemplatione & θανρεία conſtitui

366.0 497.0 579.0 45.0 à Paulo: ſed in vita & actione ipſa, per quam ta¬

365.0 530.0 581.0 44.0 les efficimur, quales nos eſſe oportere doctrina

363.0 561.0 579.0 45.0 ipſa iubet, atq; ipſo Chriſtianorum nomine pro¬

362.0 595.0 581.0 40.0 fitemur. Vnde fit, vt omnino Monachiſmus ille

362.0 625.0 580.0 47.0 Papiſticus ſubruatur, qui Chriſtianæ religionis

362.0 658.0 578.0 45.0 profeſſionem in nuda rerum contemplatione, &

360.0 691.0 580.0 43.0 doctrinæ meditatione collocat & deffinit, ſi mo¬

360.0 722.0 547.0 48.0 do veram Chriſti doctrinam haberent tamen.

402.0 785.0 27.0 42.0 8

432.0 789.0 505.0 47.0 Nam corporalis exercitatio paululum

356.0 826.0 579.0 51.0 habet vtilitatis: at pietas ad omnia vtilis eſt,

358.0 867.0 578.0 56.0 vt quæ promiſsionem habeat vitæ præſentis

356.0 906.0 142.0 40.0 ac futuræ.

387.0 942.0 547.0 52.0 Τeποφορὰ eſt. Occurrit enim tueltæ obiectioni.

355.0 980.0 580.0 45.0 quæ ex corrupto iam hominum iudicio fieri po¬

353.0 1009.0 580.0 48.0 tuit: vel quam in poſterum fieri debere ſanctus

353.0 1042.0 579.0 48.0 Apoſtolus & ſpiritu prophetico plenus iam tum

353.0 1075.0 577.0 47.0 præuidit. Cùm ergo mirum in modum ſemper

353.0 1108.0 579.0 48.0 homines ad externas illas actiones quæ ſpeciem

353.0 1139.0 578.0 49.0 pietatis præ ſe ferre videntur, ſtupeant, mirum e¬

352.0 1172.0 579.0 58.0 tat Paulum vnius tantùm pietatis meminiſſe, in

879.0 1219.0 52.0 46.0 qua
