1000 1448
371.0 94.0 61.0 25.0 904

460.0 81.0 385.0 33.0 AD I. PAVL. AD TIM.

400.0 109.0 541.0 49.0 25 Itidem & bona opera ante manife¬

366.0 148.0 576.0 50.0 Sta ſunt: & ea quæ ſecus habent, occultari

365.0 189.0 171.0 47.0 non poſſunt.

397.0 234.0 543.0 47.0 Diuerſa quoque eſt huius verſiculi cum ſupe¬

364.0 273.0 580.0 38.0 riore nectendi ratio. Putant enim quidam cum

366.0 306.0 576.0 40.0 vecſ.22. coniungendum, verſ.autem 23.per paren¬

365.0 337.0 581.0 42.0 theſin inſertum & legendum quoque. Alij aliud.

367.0 369.0 573.0 43.0 Nos autem hunc locum tum ωθακολόθησιν, tum

365.0 403.0 577.0 43.0 etiam νοθέτησιν eſſe cenſemus, & idcirco cum ſu¬

366.0 437.0 575.0 41.0 periore argumento rectè conuenire atque con¬

366.0 467.0 576.0 45.0 iungi poſſe, quòd præcepta duo contineat ad Pa¬

365.0 500.0 579.0 42.0 ſtorum & Preſbyterorum munus ſpectantia, ex

366.0 531.0 579.0 43.0 quibus vniuerſa penè totius cenſuræ Eccleſiaſti¬

366.0 567.0 577.0 39.0 cæ ratio definiri poteſt. Id quod maximè ad Pre¬

363.0 596.0 582.0 42.0 ſbyterorum officium pertinet. Atque id iã hoc

365.0 628.0 577.0 43.0 toto capite perſequitur Paulus. Sic igitur ſtatuo

364.0 661.0 578.0 42.0 canonem tradi iam à Paulo, per quem quomodo

366.0 692.0 577.0 43.0 præpoſiti Eccleſiæ ſe in cenſuris Eccleſiaſticis

367.0 726.0 578.0 43.0 gerere aduerſus gregem ſuum debeant, inſtruã¬

367.0 758.0 577.0 40.0 tur, id eſt, quale ſit eorum munus erga vniuer¬

366.0 795.0 579.0 32.0 ſum populum ſibi commiſſum & demandatum

366.0 823.0 578.0 41.0 à Deo. Quæ ſanè tertia pars eſt muneris paſto¬

366.0 856.0 580.0 40.0 ralis, vti ſupra diximus, maxima. Prima enim do¬

366.0 889.0 578.0 40.0 cet quomodo erga ſeipſos gerere debeant. Se¬

367.0 922.0 579.0 37.0 cunda quomodo aduerſus collegas ſuos. Tertia

367.0 954.0 579.0 40.0 hæc, quomodo erga vniuerſum Eccleſiæ ſuæ

367.0 986.0 579.0 38.0 cœtum. In qua ipſa parte poſita eſt ratio & di¬

367.0 1016.0 579.0 45.0 ſputatio de cenſura Eccleſiaſtica. Quanquã huius

368.0 1055.0 578.0 37.0 præceptionis, quæ nunc traditur, tantam vim eſſe

368.0 1084.0 578.0 39.0 támque latè patentem fateor, vt etiam ad ſupe¬

368.0 1116.0 581.0 39.0 rius præceptum, quod ad electionem at que ordi¬

368.0 1147.0 580.0 50.0 nationẽ paſtorũ Eccleſiæ pertinet, referri poſſit

884.0 1180.0 66.0 41.0 & in
