1000 1448
377.0 90.0 50.0 25.0 334

477.0 74.0 383.0 37.0 AD I. FAVL. ANTIM.

376.0 107.0 578.0 46.0 tione, & in angelis, & in hominibus, ſuæ tum

375.0 140.0 579.0 45.0 miſericordiæ, tum etiam iuſtitiæ diuitias ad glo¬

377.0 174.0 575.0 45.0 riam nominis ſui, patefacere & demonſtrare.

378.0 205.0 576.0 45.0 Nam licet opifici facere de opere ſuo, quod ipſi

378.0 238.0 575.0 45.0 libucrit Ergo boni Angeli electi fuerunt, etiam

378.0 271.0 576.0 45.0 ante quàm à Deo crearentur. Non autem ex vllis

378.0 303.0 576.0 46.0 eorum meritis: ſed ex ſola Dei ipſius dignatione

379.0 337.0 575.0 46.0 & gratia, vt loquitur Bernardus: quicquid Scho¬

380.0 369.0 575.0 45.0 laſtici ex Auguſtino malè intellecto dicant &

381.0 402.0 570.0 48.0 philoſophentur: Mali verò reprobati fuerunt,

383.0 437.0 179.0 41.0 vt Boni electi.

420.0 463.0 538.0 47.0 Tertio loco quæſitum eſt, ecquæ ſit iſtius ele¬

381.0 501.0 577.0 43.0 ctionis Angelorum cauſa: Num Chriſtus quate¬

382.0 532.0 576.0 42.0 nus mediator eccleſiæ: cuius etiam illi ſunt mem

382.0 563.0 573.0 45.0 bra: præſertim cùm Paulus Coloſſ.1.verſ.2o.ſcri¬

381.0 595.0 578.0 45.0 bat Deum ſibi reconciliaſſe omnia per Chriſtũ.

383.0 628.0 576.0 46.0 Ex quo colligunt quidam Chriſtum eſſe etiam e¬

382.0 662.0 577.0 40.0 lectorum Angelorum Mediatorem, alio tamen

383.0 694.0 577.0 45.0 modo, quàm hominum piorum & electorum

385.0 724.0 576.0 47.0 Reſp. verò ipſe, ceterorum rationibus breuitatis

384.0 758.0 578.0 44.0 cauſa, omiſſis, Chriſtum quatenus creator eorum

385.0 791.0 577.0 44.0 eſt, non autem quatenus paſſus in carne, videri

386.0 825.0 576.0 39.0 horum bonorum Angelorum etiam mediatorẽ

386.0 855.0 576.0 45.0 eſſe. Cùm enim Deus nũquam iis fuerit offenſus,

386.0 890.0 577.0 42.0 nulla recõciliatione certè opus habuerunt. Dein

387.0 919.0 575.0 44.0 de hęc eorum electio à Iuda deſinitur conſerua¬

388.0 953.0 576.0 43.0 tio & confirmatio ipſius eorũ primi ſtatus & ori

389.0 984.0 574.0 46.0 ginis, adeò vt nihil prorſus illis reſtitutum fuiſſe

390.0 1018.0 574.0 40.0 per huiuſmodi electionem dicatur, quoniam ni¬

389.0 1050.0 573.0 44.0 hil prius fuerat ademptum, neque quicquam ab

389.0 1081.0 577.0 45.0 iis amiſſum. Ergo ipſi quales à Deo primùm cõ¬

390.0 1115.0 577.0 41.0 diti fuerunt, Deo autori ſuo certè placuerunt Ne

391.0 1149.0 571.0 50.0 que vera tamẽ huius eorum electionis cauſa eſt,

899.0 1178.0 68.0 56.0 quali
