1000 1448
593.0 87.0 54.0 58.0 209

223.0 106.0 215.0 28.0 CAPVT IIII.

69.0 126.0 552.0 46.0 nem afflictationem & vexationem cernatur.

101.0 161.0 548.0 44.0 Sed & σωματικὴ quoque nominatur à ſubiecto.

69.0 192.0 581.0 52.0 Eſt enim corpus, quod his modis atteritur, affli¬

69.0 229.0 579.0 48.0 gitur, & has exrernas actiones agit: quanquam

69.0 259.0 577.0 48.0 ratione finis, quem ſpectant qui hæc tædia per¬

69.0 290.0 578.0 52.0 ferunt, dici quoque poteſt hæc exercitatio ſpiri¬

69.0 324.0 442.0 43.0 tualis, quòd ſpiritualis vitæ gratia fit.

98.0 355.0 548.0 52.0 Hæc igitur omnia externa ſibi imponunt ho¬

68.0 390.0 575.0 48.0 mines, & quæ vocantur nunc regulæ ordinis

65.0 419.0 580.0 51.0 ſuſcepti & profeſſi, eas appellarũt Patres Α’σκησν.

70.0 452.0 575.0 51.0 Vnde veteres Monachi & Μονάζοντες & Α’ταηταὲ

65.0 485.0 580.0 49.0 dicti ſunt: Paulus autem nominat γνιναςίαν, quòd

65.0 517.0 581.0 50.0 Α'σκνσις magis quiddam ſpirituale ſignificare vi¬

65.0 551.0 581.0 47.0 detur : γυuνοCα verò quandam tantùm corpo¬

64.0 584.0 579.0 49.0 ris vexationem ac agitationem, quæ non tam

63.0 617.0 579.0 45.0 commendat monaſticum ſtatum, quàm illi cõ¬

63.0 645.0 580.0 51.0 mendatum eſſe inter homines voluefunt. Sed

64.0 678.0 497.0 47.0 præſtabat vocem Spiritus ſancti retinere.

96.0 712.0 545.0 50.0 In his autem externis rebus præſcriptis obſer¬

62.0 741.0 577.0 55.0 uandis verſatur tota Monachiſmi eſſentia, quam

65.0 777.0 573.0 49.0 vocant. Nam in tribus hiſce potiſsimum poſita

62.0 807.0 578.0 54.0 dicitur, in voto Obedientiæ, Paupertatis, & Con¬

60.0 844.0 577.0 50.0 tinentiæ, tum matrimonij, tum certorum quo¬

59.0 875.0 223.0 40.0 rundam ciborum.

90.0 905.0 547.0 53.0 Sed & illud quoque notandum eſt, Paulum

57.0 938.0 581.0 50.0 hîc non loqui de ſuperſtitioſa earum rerum ob¬

59.0 970.0 578.0 52.0 ſeruatione, qualis fit in Papatu, & præſertim à

58.0 1003.0 575.0 51.0 Monachis (eam enim prorſus damnaſſet Paulus,

58.0 1035.0 579.0 50.0 eſt enim ſuperſtitioſa, cùm pars ſalutis noſtræ

60.0 1066.0 577.0 53.0 aliqua in ijs rebus ſtatuitur vti fit à Monachis) ſed

60.0 1099.0 575.0 53.0 de rerum indifferentium diſcrimine conſtituto,

61.0 1131.0 577.0 53.0 & in ijs obſeruatione quadam carnis conterendæ

61.0 1168.0 577.0 58.0 gratia, ad tempus indicta, qualis à pijs viris pro

489.0 1210.0 13.0 36.0 0
