1000 1448
369.0 96.0 62.0 23.0 344

477.0 82.0 378.0 35.0 AD I. TAVL. AD TIM.

365.0 111.0 581.0 44.0 ciliabatur per manuum impoſitionem à paſtore

362.0 146.0 583.0 44.0 ſiue Sacerdote. Quæ res fuerunt pompæ potius

362.0 179.0 583.0 43.0 externæ, quàm vera caſtigatio delicti: ſed quæſi¬

362.0 213.0 583.0 41.0 ta ratio eſt nugarum in Eccleſiam pro vera pœ¬

362.0 242.0 584.0 44.0 nitentia ſubſtituendarum, & affectata inepta

365.0 276.0 580.0 42.0 quędam ſeueritas. Iſta referuntur in can. Pœnitẽ¬

364.0 309.0 586.0 41.0 tes & cano. In capite quadrageſimæ diſtinct.50.

366.0 341.0 578.0 41.0 quæ prorſus à noſtris Eccleſijs exulate debent.

366.0 374.0 579.0 42.0 Quid enim ſigna hæc pœnitentiæ præſcribi ne¬

365.0 407.0 581.0 41.0 ceſſe eſt, cùm qui verè pœnitet, ſatis illa exhi¬

367.0 439.0 579.0 40.0 beat:imò verò potius attollendus ſit, & erigen¬

364.0 472.0 582.0 43.0 dus, quàm deprimendus, ne incidat in deſpera¬

365.0 506.0 108.0 40.0 tionem?

399.0 535.0 547.0 43.0 Quæritur qui publicam exomologeſin facere

364.0 569.0 580.0 42.0 poſſint & permittantur. Reſpo. Omnes debere,

363.0 602.0 583.0 41.0 & nõ tãtùm poſſe, qui eo peccati genere delique¬

363.0 633.0 584.0 39.0 runt, cuius pœna debet eſſe conſeſsio publica. I¬

364.0 665.0 582.0 42.0 taque nullius dignitatis, ſexus & conditionis ra¬

365.0 697.0 580.0 44.0 tio habenda eſt, ne ſit in Eccleſia Dei damnabilis

364.0 731.0 582.0 43.0 illa perſonarum acceptio. Quod fieri vetat Do¬

365.0 763.0 581.0 43.0 minus Malach.2.verſ.9. Apparet etiam id ipſum

365.0 796.0 581.0 43.0 ex hoc loco, vbi ne Presbyteris quidem ipſis par¬

366.0 828.0 579.0 42.0 cit Paulus:item exemplo Theodoſij imperatoris

366.0 860.0 581.0 43.0 qui ab Ambroſio Mediolanenſi Epiſcopo ad eã

365.0 892.0 581.0 43.0 compulſus eſt. Quare pernicioſiſsima eſt Cano¬

365.0 926.0 581.0 39.0 nici Iuris & Romanici deciſio, atque ſententia,

366.0 958.0 580.0 42.0 quæ negat clericos vllos quantumuis grauiter

366.0 991.0 580.0 39.0 errantes ad hanc confeſsionem & exomologeſin

365.0 1024.0 582.0 39.0 publicam damnandos ac compellendos, vel etiã

363.0 1054.0 583.0 37.0 ſi velint, admittendos, ne toti ordini clericorum

362.0 1088.0 587.0 36.0 fiat iniuria. Itaq; elericos detrudũt in Monaſteria

363.0 1121.0 585.0 39.0 vbi pœnitentiam agant ſolitarij, & nulli noti. Ita

361.0 1155.0 588.0 50.0 præ ceptum eſt in canone Alienum, & can. Con¬

831.0 1184.0 118.0 58.0 firmandi
