1000 1448
479.0 90.0 385.0 41.0 AD I. PAVL. AD TIM.

373.0 104.0 71.0 34.0 240

373.0 116.0 577.0 56.0 tare Charybdin. De quo toto argumento & v¬

373.0 152.0 578.0 53.0 tiliſſimo, & futuræ diſputationis ſe quentiúmque

374.0 185.0 578.0 51.0 toto hoc capite præceptorum fundamento nobis

374.0 215.0 576.0 54.0 aliquid eſt dicendum. Eſt autem hic ſtatus cauſæ

375.0 251.0 578.0 47.0 & controuerſiæ (quæ etiã non his noſtris tempo¬

380.0 281.0 574.0 52.0 ribus acerbè à quibuſdam agitatur) Ad quos

378.0 312.0 576.0 53.0 nimirum Eccleſiaſticæ cenſuræ ius & poteſtas

378.0 348.0 576.0 52.0 pertineat. Hoc enim pro cõceſſo ſumimus, quod

378.0 378.0 576.0 52.0 tota docet ſcriptura, cùm vitæ ſanctè & honeſtè

378.0 415.0 577.0 49.0 inſtituendæ gratia, & vt Dei gloriæ inſeruiamus,

378.0 445.0 578.0 51.0 ſcriptura & doctrina cœleſtis nobis prædicetur,

378.0 476.0 580.0 50.0 omnino neceſſe eſſe, vt aliqua ſit Eccleſiæ diſci¬

379.0 510.0 579.0 49.0 plina & turpium morum emendatio, per quam

379.0 540.0 580.0 53.0 homines tum in officio contineantur, tum, ſi ſe¬

379.0 571.0 580.0 51.0 mel abducti fuerint, reuocentur. Nam qui Eccle¬

378.0 602.0 583.0 56.0 ſiaſticã diſciplinã prorſus tollũt, quid aliud Eccle¬

380.0 640.0 582.0 51.0 ſiæ quàm laruã nobis inducunt, & omnem pec¬

381.0 673.0 581.0 49.0 candi effrenem licentiam probant? contra quos

382.0 701.0 582.0 54.0 Pſal.5o. & Hebr.12.verſ.8. & dictum Tertulliani

383.0 734.0 581.0 53.0 de Habitu virginum, item Cypriani lib·a. epiſt.7.

384.0 768.0 581.0 50.0 valere debet. Diſciplina enim Eccleſiæ, inquiunt

384.0 800.0 583.0 52.0 illi, & caſtigatio Eccleſiaſtica morum eſt fidei

384.0 831.0 581.0 54.0 cuſtos, quam qui repudiant, fidem ipſam nomi¬

386.0 876.0 206.0 41.0 ne tenus habent.

419.0 895.0 548.0 51.0 Secundo autem loco poſtulamus & ſumimus

386.0 929.0 583.0 50.0 hoc nobis concedi, quod eſt veriſſimum. Hãc mo¬

387.0 964.0 580.0 46.0 rum correctionem & vitiorum emendationem,

390.0 991.0 580.0 53.0 quæ Eccleſiaſtica iuriſdictio & ius clauium dici¬

389.0 1024.0 582.0 51.0 tur, latiſſimè differre & toto genere diſsimilem

390.0 1057.0 581.0 53.0 eſſe à ciuili & politica, quam vocant, iuriſdictio¬

391.0 1094.0 423.0 49.0 ne, quæ Magiſtratibus competit.

431.0 1123.0 544.0 48.0 Tertio denique & hoc quoque tanquam ἀιτη¬

394.0 1155.0 582.0 59.0 uæ præſupponendum eſt, quod alibi verum eſſe

860.0 1185.0 115.0 55.0 probabi¬
