1000 1448
488.0 82.0 374.0 44.0 AD I. PAVL. AD TIM.

373.0 113.0 576.0 51.0 eſt. Patris enim & Dei voce complectitur Pau¬

374.0 150.0 575.0 50.0 lus quicquid generaliter ad diuinam naturã per¬

373.0 185.0 574.0 43.0 tinet, & eſt trium perſonarum cõmune: quo eo¬

374.0 215.0 574.0 48.0 dem dicendi genere paſsim vtitur ſcriptura. Er¬

375.0 246.0 574.0 51.0 go & Patrem & filiũ ipſum, quà Deus eſt, & Spi¬

374.0 281.0 575.0 42.0 ritum ſanctum teſtem eſſe noſtrarum actionum;

376.0 312.0 575.0 47.0 & earum imprimis, quæ in eccleſia & in iudiciis

376.0 347.0 577.0 45.0 fiunt, quibus duabus nobis ipſa Dei maieſtas ma¬

377.0 378.0 574.0 44.0 ximè repreſentatur ſpectatorem pronũtiat Pau¬

378.0 410.0 574.0 48.0 lus. Nam Deus etiam nudas cordis noſtri cogita¬

377.0 443.0 577.0 49.0 tiones nouit, & intuetur non tantùm ipſas actio¬

377.0 475.0 578.0 48.0 nes noſtras perſpicitque quę ab hominibus cerni

377.0 507.0 577.0 49.0 nõ poſſunt. Inde illud eſt etiã apud profanos ho¬

378.0 541.0 576.0 46.0 mines vulgare ὁμμα θεο͂ πάντα καθεςα. Dei oculus

377.0 571.0 581.0 50.0 omnia perſpicit. Itaque rectè teſtis & vindex ad

378.0 604.0 580.0 49.0 uocatur Deus noſtrarum actionum. qui vbique

378.0 634.0 580.0 49.0 eſt, omnia videt, & omnium futurus eſt iudex. Si¬

378.0 666.0 577.0 50.0 miles autem huic ſcripturę loci ſunt penè infini¬

381.0 700.0 575.0 51.0 ti veluti, 1. Samuel.2o.ver.42.2.Chron.24. verſ.22.

382.0 740.0 334.0 41.0 Atque hic primus eſt teſtis.

415.0 764.0 546.0 50.0 Ieſum Chriſtum ſecundo loco teſtem citat &

382.0 799.0 582.0 49.0 producit Paulus, quem Dominum vocat. Domi¬

382.0 831.0 580.0 48.0 nus eſt Chriſtus quòdſit conſtitutus à patre rex

383.0 863.0 580.0 46.0 & Dominus omniũ, datáque illi poteſtas in co¬

385.0 897.0 579.0 48.0 lum & in terram. Item quòd omne iudicium

386.0 929.0 579.0 50.0 pater conceſſit filio, neque iudicat quenquam vt

386.0 961.0 580.0 48.0 eſt Ioan.5. verſ.22. Sed & quatenus eccleſiæ caput

387.0 994.0 579.0 50.0 eſt Chriſtus eccleſiaſticis iudiciis præeſt, neque

387.0 1026.0 582.0 48.0 tantum vt teſtis & ſpectator iis intereſt: ſed vt iu¬

390.0 1057.0 578.0 52.0 dex ipſe futurus, ac rationẽ eorum à paſtoribus, tã

390.0 1088.0 580.0 53.0 quam à Miniſtris à ſe delegatis, exacturus. Etſi ve

390.0 1122.0 578.0 50.0 rò Chriſtus mediator & quatenus Ieſus Chriſtus

390.0 1154.0 580.0 61.0 eſt, homol eſt & Deus: tamen quà homo eſt,

917.0 1189.0 54.0 54.0 non
