<?xml version="1.0" encoding="UTF-8"?>
<alto xmlns:xsi="http://www.w3.org/2001/XMLSchema-instance"
      xmlns="http://www.loc.gov/standards/alto/ns-v4#"
      xsi:schemaLocation="http://www.loc.gov/standards/alto/ns-v4# http://www.loc.gov/standards/alto/v4/alto-4-2.xsd">
  <Description>
    <MeasurementUnit>pixel</MeasurementUnit>
    <sourceImageInformation>
      <fileName>2013182.png</fileName>
    </sourceImageInformation>
  </Description>
  <Tags>
    <OtherTag ID="BT7" LABEL="CustomZone" DESCRIPTION="block type CustomZone"/><OtherTag ID="BT8" LABEL="DamageZone" DESCRIPTION="block type DamageZone"/><OtherTag ID="BT9" LABEL="DigitizationArtefactZone" DESCRIPTION="block type DigitizationArtefactZone"/><OtherTag ID="BT10" LABEL="DropCapitalZone" DESCRIPTION="block type DropCapitalZone"/><OtherTag ID="BT11" LABEL="GraphicZone" DESCRIPTION="block type GraphicZone"/><OtherTag ID="BT12" LABEL="MainZone" DESCRIPTION="block type MainZone"/><OtherTag ID="BT13" LABEL="MarginTextZone" DESCRIPTION="block type MarginTextZone"/><OtherTag ID="BT14" LABEL="MusicZone" DESCRIPTION="block type MusicZone"/><OtherTag ID="BT15" LABEL="NumberingZone" DESCRIPTION="block type NumberingZone"/><OtherTag ID="BT17" LABEL="QuireMarksZone" DESCRIPTION="block type QuireMarksZone"/><OtherTag ID="BT18" LABEL="RunningTitleZone" DESCRIPTION="block type RunningTitleZone"/><OtherTag ID="BT19" LABEL="SealZone" DESCRIPTION="block type SealZone"/><OtherTag ID="BT20" LABEL="StampZone" DESCRIPTION="block type StampZone"/><OtherTag ID="BT21" LABEL="TableZone" DESCRIPTION="block type TableZone"/><OtherTag ID="BT22" LABEL="TitlePageZone" DESCRIPTION="block type TitlePageZone"/>
    <OtherTag ID="LT7" LABEL="CustomLine" DESCRIPTION="line type CustomLine"/><OtherTag ID="LT8" LABEL="DefaultLine" DESCRIPTION="line type DefaultLine"/><OtherTag ID="LT9" LABEL="DropCapitalLine" DESCRIPTION="line type DropCapitalLine"/><OtherTag ID="LT10" LABEL="HeadingLine" DESCRIPTION="line type HeadingLine"/><OtherTag ID="LT11" LABEL="InterlinearLine" DESCRIPTION="line type InterlinearLine"/><OtherTag ID="LT12" LABEL="MusicLine" DESCRIPTION="line type MusicLine"/><OtherTag ID="LT275" LABEL="default" DESCRIPTION="line type default"/>
  </Tags>
  <Layout>
    <Page WIDTH="1000"
          HEIGHT="1448"
          PHYSICAL_IMG_NR="88"
          ID="eSc_dummypage_">
      <PrintSpace HPOS="0"
                  VPOS="0"
                  WIDTH="1000"
                  HEIGHT="1448">
        <TextBlock HPOS="375.3899230957031"
                   VPOS="97.64495086669922"
                   WIDTH="63.74188232421875"
                   HEIGHT="33.239295959472656"
                   ID="block_1"
                   TAGREFS="BT15">
          <Shape><Polygon POINTS="375.39 97.645 439.132 97.645 439.132 130.884 375.39 130.884 375.39 97.645"/></Shape>
          <TextLine ID="line_0"
                    TAGREFS="LT275"
                    BASELINE="381 121 444 119" 
                    HPOS="380.0"
                    VPOS="106.0"
                    WIDTH="64.0"
                    HEIGHT="31.0">
            <Shape><Polygon POINTS="436 106 428 106 420 106 412 106 404 106 396 106 388 106 380 106 381 121 381 135 407 137 407 137 408 137 444 127 444 119 442 106 436 106"/></Shape>
	    <String CONTENT="270"
                    HPOS="380.0"
                    VPOS="106.0"
                    WIDTH="64.0"
                    HEIGHT="31.0"
                    WC="0.9999212225278219"></String>
          </TextLine>
        </TextBlock>
        <TextBlock HPOS="504.7557067871094"
                   VPOS="90.9941177368164"
                   WIDTH="371.3876647949219"
                   HEIGHT="36.86260986328125"
                   ID="block_2"
                   TAGREFS="BT18">
          <Shape><Polygon POINTS="504.756 90.9941 876.143 90.9941 876.143 127.857 504.756 127.857 504.756 90.9941"/></Shape>
          <TextLine ID="line_1"
                    TAGREFS="LT275"
                    BASELINE="507 120 872 116" 
                    HPOS="506.0"
                    VPOS="90.0"
                    WIDTH="366.0"
                    HEIGHT="43.0">
            <Shape><Polygon POINTS="772 104 764 106 756 106 748 106 740 106 732 106 724 106 716 106 707 106 699 106 691 106 683 106 675 106 667 106 659 106 651 106 643 106 635 106 627 106 619 106 611 106 603 106 595 106 587 106 579 106 571 106 563 106 555 106 547 106 539 106 530 106 522 106 514 106 506 106 507 120 507 130 553 133 554 133 555 133 567 130 582 126 591 130 594 131 595 131 596 131 596 131 601 130 613 126 625 130 631 131 632 131 633 131 633 131 634 131 636 130 641 127 645 130 647 131 648 131 649 131 650 132 699 132 699 131 699 131 707 129 726 124 872 128 872 116 872 99 854 90 853 90 799 90 798 90 777 93 777 93 776 93 772 95 772 104"/></Shape>
	    <String CONTENT="AD I. PAVL. AD TIM."
                    HPOS="506.0"
                    VPOS="90.0"
                    WIDTH="366.0"
                    HEIGHT="43.0"
                    WC="0.9994032633932013"></String>
          </TextLine>
        </TextBlock>
        <TextBlock HPOS="369.1789855957031"
                   VPOS="131.2747344970703"
                   WIDTH="591.5889587402344"
                   HEIGHT="1073.1979217529297"
                   ID="block_3"
                   TAGREFS="BT12">
          <Shape><Polygon POINTS="369.179 131.275 960.768 131.275 960.768 1204.47 369.179 1204.47 369.179 131.275"/></Shape>
          <TextLine ID="line_2"
                    TAGREFS="LT275"
                    BASELINE="378 158 950 152" 
                    HPOS="377.0"
                    VPOS="125.0"
                    WIDTH="573.0"
                    HEIGHT="45.0">
            <Shape><Polygon POINTS="771 137 768 130 761 130 761 130 760 130 759 130 753 134 721 131 720 131 720 131 703 135 689 131 684 129 683 129 683 129 682 129 675 131 667 133 663 131 656 127 655 127 654 127 637 131 620 135 594 132 557 128 556 128 555 128 539 134 531 137 514 137 512 135 506 129 505 129 504 129 503 129 472 135 465 137 430 137 429 136 412 130 411 130 411 130 410 130 409 130 399 137 398 138 377 138 378 158 378 168 538 170 539 170 539 170 540 170 547 166 548 164 622 164 628 164 659 168 660 168 711 164 716 164 720 164 770 168 771 168 815 163 861 167 862 167 903 162 935 166 936 166 937 166 950 160 950 152 947 125 913 130 906 126 906 125 905 125 905 125 880 125 880 125 869 127 827 133 773 130 771 137"/></Shape>
	    <String CONTENT="vt inter diaconiſſas eccleſiæ, ea demum vidua al"
                    HPOS="377.0"
                    VPOS="125.0"
                    WIDTH="573.0"
                    HEIGHT="45.0"
                    WC="0.981680016964674"></String>
          </TextLine>
          <TextLine ID="line_3"
                    TAGREFS="LT275"
                    BASELINE="375 192 946 187" 
                    HPOS="374.0"
                    VPOS="161.0"
                    WIDTH="572.0"
                    HEIGHT="44.0">
            <Shape><Polygon POINTS="375 192 375 204 556 205 557 205 558 205 559 205 561 202 567 198 587 202 597 204 598 204 613 202 639 198 649 201 654 203 654 203 655 203 656 203 657 203 657 202 658 201 663 197 725 197 732 201 736 203 737 203 738 203 783 200 851 196 945 198 946 187 945 168 872 161 872 161 871 161 859 167 856 168 818 168 813 167 801 162 800 162 799 162 780 167 772 168 766 167 755 162 754 162 753 162 753 162 737 166 727 169 724 166 720 163 719 163 718 163 717 163 701 166 696 167 689 166 660 163 659 163 658 163 658 163 658 164 654 166 652 169 593 170 576 166 567 164 566 164 565 164 564 164 557 165 541 170 469 168 469 168 440 172 374 165 375 192"/></Shape>
	    <String CONTENT="legetur, quæ ſexagenaria eſt. In quo vox hæc,"
                    HPOS="374.0"
                    VPOS="161.0"
                    WIDTH="572.0"
                    HEIGHT="44.0"
                    WC="0.9946698003345066"></String>
          </TextLine>
          <TextLine ID="line_4"
                    TAGREFS="LT275"
                    BASELINE="376 222 950 218" 
                    HPOS="375.0"
                    VPOS="196.0"
                    WIDTH="575.0"
                    HEIGHT="39.0">
            <Shape><Polygon POINTS="376 222 376 234 469 235 469 235 470 235 477 234 490 230 502 233 507 234 508 234 509 235 534 235 534 234 534 234 535 234 537 233 542 230 611 231 687 234 687 234 705 230 713 229 726 230 755 233 756 233 757 233 763 230 767 228 827 228 827 229 832 233 833 233 834 233 835 233 835 233 853 228 857 227 860 228 872 232 873 232 874 232 875 232 892 227 894 227 896 227 906 232 907 232 908 232 909 232 909 232 914 227 950 226 950 218 948 201 830 201 827 201 806 196 806 196 805 196 796 201 795 201 780 201 661 197 660 197 659 197 658 197 654 201 654 201 600 202 570 201 510 197 509 197 508 197 495 201 487 203 483 201 477 198 477 198 476 198 375 201 376 222"/></Shape>
	    <String CONTENT="καταλσγόθω non tantum additionem ad numerum"
                    HPOS="375.0"
                    VPOS="196.0"
                    WIDTH="575.0"
                    HEIGHT="39.0"
                    WC="0.9785466465083036"></String>
          </TextLine>
          <TextLine ID="line_5"
                    TAGREFS="LT275"
                    BASELINE="375 257 951 250" 
                    HPOS="374.0"
                    VPOS="224.0"
                    WIDTH="577.0"
                    HEIGHT="46.0">
            <Shape><Polygon POINTS="375 257 375 267 400 265 415 268 423 270 423 270 424 270 430 268 440 265 453 268 460 269 461 269 462 269 466 267 475 264 484 267 488 269 489 269 489 269 509 267 532 265 545 267 555 268 555 268 569 267 601 263 692 266 734 267 735 267 736 267 740 265 751 261 757 265 758 266 759 266 760 266 761 267 806 267 806 266 814 264 831 260 877 263 878 263 879 263 880 263 894 259 950 263 951 250 950 229 942 224 942 224 941 224 940 224 886 230 876 230 869 230 838 225 837 225 836 225 823 230 819 230 812 230 793 227 792 227 791 227 786 230 782 232 716 232 710 230 704 226 703 226 703 226 702 226 690 230 685 230 680 230 665 226 664 226 631 227 630 227 625 230 617 233 604 230 596 227 595 227 594 227 593 227 587 230 577 233 502 230 483 229 482 229 473 230 411 235 374 230 375 257"/></Shape>
	    <String CONTENT="iam conſtitutum &amp; aſcriptionem ſignificat: ſed"
                    HPOS="374.0"
                    VPOS="224.0"
                    WIDTH="577.0"
                    HEIGHT="46.0"
                    WC="0.9984549543131953"></String>
          </TextLine>
          <TextLine ID="line_6"
                    TAGREFS="LT275"
                    BASELINE="377 288 950 283" 
                    HPOS="376.0"
                    VPOS="259.0"
                    WIDTH="574.0"
                    HEIGHT="42.0">
            <Shape><Polygon POINTS="377 288 377 296 468 301 469 301 518 300 519 300 520 300 525 296 633 300 633 300 699 295 734 299 735 299 814 294 843 298 843 298 844 298 857 292 950 292 950 283 948 259 930 259 930 259 929 259 928 259 921 264 901 259 897 259 854 259 853 259 852 259 847 260 835 266 785 266 769 262 758 259 757 259 757 259 746 262 732 267 658 267 651 264 640 261 639 261 638 261 637 261 630 264 627 266 624 264 618 263 617 263 617 263 589 265 567 267 555 266 526 262 481 262 480 262 479 262 469 267 407 263 406 263 376 269 377 288"/></Shape>
	    <String CONTENT="etiam nouam eius ordinis in aliqua eccleſia, ſi"
                    HPOS="376.0"
                    VPOS="259.0"
                    WIDTH="574.0"
                    HEIGHT="42.0"
                    WC="0.9981491553022507"></String>
          </TextLine>
          <TextLine ID="line_7"
                    TAGREFS="LT275"
                    BASELINE="378 319 951 315" 
                    HPOS="378.0"
                    VPOS="291.0"
                    WIDTH="573.0"
                    HEIGHT="42.0">
            <Shape><Polygon POINTS="378 319 378 331 443 328 455 330 464 333 465 333 465 333 466 333 472 330 475 329 477 330 480 333 481 333 481 333 482 333 521 332 532 329 543 327 546 329 549 332 550 332 551 332 551 333 584 333 584 332 585 332 592 329 595 327 603 329 616 331 617 331 617 331 618 331 621 329 623 326 626 329 630 330 631 330 632 330 655 328 674 326 676 328 681 331 682 331 683 331 683 332 721 332 721 331 740 327 748 325 769 326 827 330 827 330 828 330 829 330 834 325 835 325 848 329 849 329 850 329 851 329 861 325 864 324 950 324 951 315 950 296 868 291 868 291 867 291 866 291 860 296 796 296 783 292 782 292 781 292 781 292 767 296 761 292 761 292 760 292 736 292 736 292 707 298 649 298 643 292 642 292 641 292 641 292 617 296 608 292 607 292 606 292 567 298 520 293 519 293 518 293 509 298 447 294 446 294 445 294 435 299 407 295 406 295 378 300 378 319"/></Shape>
	    <String CONTENT="quæ iis egeret, nullas dum tamẽ haberet, electio¬"
                    HPOS="378.0"
                    VPOS="291.0"
                    WIDTH="573.0"
                    HEIGHT="42.0"
                    WC="0.97032501578331"></String>
          </TextLine>
          <TextLine ID="line_8"
                    TAGREFS="LT275"
                    BASELINE="377 353 951 349" 
                    HPOS="376.0"
                    VPOS="322.0"
                    WIDTH="575.0"
                    HEIGHT="42.0">
            <Shape><Polygon POINTS="377 353 377 362 758 364 759 364 951 357 951 349 950 326 934 322 933 322 905 326 894 328 892 326 888 323 888 322 887 322 886 322 868 322 868 322 867 322 858 326 854 329 851 326 846 323 845 323 844 323 843 323 843 323 842 323 836 327 832 329 796 329 790 327 777 323 777 323 776 323 775 323 764 327 758 329 756 327 752 324 751 324 750 324 749 324 713 328 693 329 683 328 663 324 662 324 642 328 634 329 621 328 591 324 590 324 589 324 576 329 575 329 569 324 568 324 567 324 567 324 506 325 505 325 497 329 493 331 487 329 475 325 474 325 473 325 473 325 463 329 462 329 461 329 451 326 450 326 449 326 448 326 448 326 444 329 440 332 376 330 377 353"/></Shape>
	    <String CONTENT="nem. Id quod fieri neceſſe erat in iis eccleſiis, vti"
                    HPOS="376.0"
                    VPOS="322.0"
                    WIDTH="575.0"
                    HEIGHT="42.0"
                    WC="0.9965176593582585"></String>
          </TextLine>
          <TextLine ID="line_9"
                    TAGREFS="LT275"
                    BASELINE="378 385 950 381" 
                    HPOS="378.0"
                    VPOS="357.0"
                    WIDTH="572.0"
                    HEIGHT="39.0">
            <Shape><Polygon POINTS="378 385 378 394 720 396 721 396 824 391 827 391 828 391 833 395 834 395 835 395 835 395 836 395 848 391 851 390 950 390 950 381 949 361 798 357 798 357 797 357 796 357 790 362 742 362 725 357 724 357 724 357 723 357 722 357 722 357 717 362 658 357 657 357 633 362 608 357 607 357 575 362 509 358 508 358 507 358 491 363 386 359 385 359 384 359 383 359 378 362 378 385"/></Shape>
	    <String CONTENT="dixi, in quibus nullæ adhuc diaconiſſæ erant, &amp;"
                    HPOS="378.0"
                    VPOS="357.0"
                    WIDTH="572.0"
                    HEIGHT="39.0"
                    WC="0.9842917881113418"></String>
          </TextLine>
          <TextLine ID="line_10"
                    TAGREFS="LT275"
                    BASELINE="378 417 951 415" 
                    HPOS="377.0"
                    VPOS="389.0"
                    WIDTH="574.0"
                    HEIGHT="38.0">
            <Shape><Polygon POINTS="378 417 378 427 950 427 951 415 950 394 937 389 936 389 935 389 758 394 740 390 740 390 739 390 738 390 728 394 609 390 609 390 608 390 595 394 572 390 571 390 570 390 551 395 424 390 423 390 423 390 422 390 417 394 401 391 400 391 377 396 378 417"/></Shape>
	    <String CONTENT="quæ tamen iis opus haberent. Itaque &amp; deligi &amp;"
                    HPOS="377.0"
                    VPOS="389.0"
                    WIDTH="574.0"
                    HEIGHT="38.0"
                    WC="0.9977281054724818"></String>
          </TextLine>
          <TextLine ID="line_11"
                    TAGREFS="LT275"
                    BASELINE="377 450 951 445" 
                    HPOS="376.0"
                    VPOS="422.0"
                    WIDTH="575.0"
                    HEIGHT="42.0">
            <Shape><Polygon POINTS="377 450 377 459 424 464 425 464 563 457 573 457 580 457 660 461 661 461 662 461 671 456 679 456 842 460 843 460 843 460 856 455 924 460 925 460 951 453 951 445 949 427 869 427 868 427 843 422 843 422 842 422 841 422 833 427 832 427 831 427 810 423 810 423 712 428 707 428 706 428 697 423 696 423 695 423 695 423 694 423 679 428 654 424 654 424 653 424 636 429 635 429 629 423 628 423 627 423 600 423 599 423 598 423 584 429 573 423 572 423 572 423 571 423 570 423 570 424 564 430 563 430 547 424 547 424 502 424 502 424 501 424 479 430 473 425 473 424 472 424 471 424 470 424 436 425 436 425 435 425 426 431 425 431 399 425 398 425 397 425 376 431 377 450"/></Shape>
	    <String CONTENT="allegi ſignificat hoc loco de nouo creare, ſi o¬"
                    HPOS="376.0"
                    VPOS="422.0"
                    WIDTH="575.0"
                    HEIGHT="42.0"
                    WC="0.9892948915561041"></String>
          </TextLine>
          <TextLine ID="line_12"
                    TAGREFS="LT275"
                    BASELINE="378 482 950 478" 
                    HPOS="378.0"
                    VPOS="452.0"
                    WIDTH="572.0"
                    HEIGHT="45.0">
            <Shape><Polygon POINTS="771 458 768 454 674 460 631 454 625 454 625 454 620 455 581 460 574 455 573 455 572 455 572 455 569 455 534 460 504 456 499 455 498 455 497 455 496 456 482 461 459 456 457 456 456 456 456 456 455 456 446 462 393 462 378 456 378 482 378 497 400 491 451 491 470 496 471 496 472 496 473 496 492 490 547 496 551 496 552 496 553 496 554 496 563 491 587 496 591 496 592 496 600 495 659 489 668 495 669 495 670 495 670 495 677 495 751 489 773 494 775 494 776 494 777 494 777 494 795 489 810 494 811 494 812 494 813 494 820 494 864 490 950 493 950 478 948 452 916 457 906 452 905 452 864 452 863 452 859 452 823 459 800 453 798 453 798 453 791 453 773 454 771 458"/></Shape>
	    <String CONTENT="porteat, &amp; in album ſiue numerum iam electarũ"
                    HPOS="378.0"
                    VPOS="452.0"
                    WIDTH="572.0"
                    HEIGHT="45.0"
                    WC="0.9923553998055665"></String>
          </TextLine>
          <TextLine ID="line_13"
                    TAGREFS="LT275"
                    BASELINE="378 514 521 514" 
                    HPOS="378.0"
                    VPOS="487.0"
                    WIDTH="143.0"
                    HEIGHT="39.0">
            <Shape><Polygon POINTS="378 514 378 526 521 524 521 514 521 496 492 490 491 490 468 495 458 487 457 487 456 487 456 487 433 492 406 487 405 487 404 487 403 487 403 488 395 496 378 496 378 514"/></Shape>
	    <String CONTENT="adſcribere."
                    HPOS="378.0"
                    VPOS="487.0"
                    WIDTH="143.0"
                    HEIGHT="39.0"
                    WC="0.9983969655903903"></String>
          </TextLine>
          <TextLine ID="line_14"
                    TAGREFS="LT275"
                    BASELINE="408 547 948 544" 
                    HPOS="407.0"
                    VPOS="510.0"
                    WIDTH="541.0"
                    HEIGHT="49.0">
            <Shape><Polygon POINTS="408 547 408 555 543 559 544 559 545 559 552 555 555 555 578 555 614 558 615 558 635 556 658 554 666 556 670 558 671 558 672 558 683 556 699 554 710 556 716 558 716 558 717 558 718 558 719 558 720 556 724 554 792 557 806 557 806 557 807 557 808 557 813 553 830 557 832 557 833 557 835 557 855 553 946 557 948 544 946 521 907 514 906 514 905 514 880 520 865 510 864 510 864 510 809 510 808 510 807 510 806 510 792 520 790 520 754 513 753 513 703 515 695 510 695 510 694 510 693 510 665 514 615 510 614 510 613 510 592 519 586 522 571 519 559 518 558 518 557 518 553 519 548 522 497 522 493 519 488 516 487 516 486 516 485 516 485 516 477 519 469 522 407 519 408 547"/></Shape>
	    <String CONTENT="Loquitur autem Paulus de Vidua fideli, &amp; quę"
                    HPOS="407.0"
                    VPOS="510.0"
                    WIDTH="541.0"
                    HEIGHT="49.0"
                    WC="0.9767354806264241"></String>
          </TextLine>
          <TextLine ID="line_15"
                    TAGREFS="LT275"
                    BASELINE="378 579 951 575" 
                    HPOS="378.0"
                    VPOS="551.0"
                    WIDTH="573.0"
                    HEIGHT="41.0">
            <Shape><Polygon POINTS="378 579 378 592 408 587 450 591 451 591 522 586 565 590 567 590 568 591 656 591 656 590 657 590 659 589 671 585 681 589 682 589 683 589 683 589 950 586 951 575 950 558 928 551 927 551 926 551 925 551 925 551 916 557 899 553 898 553 897 553 827 557 824 557 809 551 808 551 807 551 806 551 792 557 790 559 773 559 772 557 765 551 765 551 764 551 677 551 676 551 675 551 674 551 666 557 662 559 654 557 640 554 639 554 638 554 637 554 634 556 631 559 598 559 593 556 584 552 584 552 583 552 582 552 581 552 576 556 572 559 548 559 530 556 507 553 506 553 506 553 494 556 481 559 442 556 406 553 405 553 378 555 378 579"/></Shape>
	    <String CONTENT="pietatem veram iam profeſſa ſit: non autem de"
                    HPOS="378.0"
                    VPOS="551.0"
                    WIDTH="573.0"
                    HEIGHT="41.0"
                    WC="0.9996045549710592"></String>
          </TextLine>
          <TextLine ID="line_16"
                    TAGREFS="LT275"
                    BASELINE="378 610 951 608" 
                    HPOS="377.0"
                    VPOS="581.0"
                    WIDTH="574.0"
                    HEIGHT="48.0">
            <Shape><Polygon POINTS="378 610 378 621 416 628 417 628 444 621 449 621 461 621 463 621 470 628 471 628 472 628 473 629 554 629 554 628 555 628 566 622 570 620 625 621 626 622 633 627 634 627 635 627 636 628 664 628 664 627 665 627 679 623 689 620 699 623 708 626 709 626 710 626 711 626 719 623 727 620 753 620 761 623 766 625 767 625 768 625 779 623 798 619 813 623 814 623 814 623 850 619 950 624 951 608 950 587 937 581 936 581 935 581 934 581 914 587 908 581 907 581 906 581 905 581 863 586 823 581 822 581 791 587 760 581 759 581 758 581 740 588 717 582 716 582 716 582 715 582 699 588 698 588 686 584 685 584 684 584 637 588 629 583 629 583 628 583 627 583 626 583 613 589 588 589 580 583 580 583 579 583 578 583 577 583 576 583 567 589 566 590 525 590 524 589 502 583 501 583 500 583 499 583 477 589 466 583 465 583 465 583 407 583 406 583 405 583 404 583 404 584 397 590 377 590 378 610"/></Shape>
	    <String CONTENT="infideli, id quod exſuperiori diſputatione ſatis"
                    HPOS="377.0"
                    VPOS="581.0"
                    WIDTH="574.0"
                    HEIGHT="48.0"
                    WC="0.9806441279749075"></String>
          </TextLine>
          <TextLine ID="line_17"
                    TAGREFS="LT275"
                    BASELINE="380 644 486 642" 
                    HPOS="379.0"
                    VPOS="622.0"
                    WIDTH="107.0"
                    HEIGHT="40.0">
            <Shape><Polygon POINTS="380 644 380 656 409 662 410 662 411 662 411 662 418 658 426 653 451 651 485 659 486 642 485 627 456 622 456 622 379 626 380 644"/></Shape>
	    <String CONTENT="apparet."
                    HPOS="379.0"
                    VPOS="622.0"
                    WIDTH="107.0"
                    HEIGHT="40.0"
                    WC="0.9998373985290527"></String>
          </TextLine>
          <TextLine ID="line_18"
                    TAGREFS="LT275"
                    BASELINE="410 676 952 672" 
                    HPOS="409.0"
                    VPOS="645.0"
                    WIDTH="543.0"
                    HEIGHT="43.0">
            <Shape><Polygon POINTS="771 652 769 645 765 650 759 645 758 645 757 645 757 645 756 645 744 649 736 645 735 645 734 645 733 645 716 650 689 646 688 646 687 646 672 652 671 652 670 652 658 646 658 646 657 646 588 653 586 653 584 653 553 647 552 647 551 647 551 647 543 654 466 654 423 648 423 648 422 648 409 654 410 676 410 684 457 684 458 684 464 688 465 688 465 688 466 688 486 684 488 684 491 684 530 687 531 687 532 687 533 687 537 684 538 683 545 683 589 687 590 687 634 686 635 686 636 686 639 683 641 682 657 683 726 686 727 686 951 681 952 672 950 649 870 645 869 645 840 649 831 651 828 649 820 645 819 645 818 645 818 645 817 645 811 650 804 646 803 646 802 646 802 646 786 650 782 651 781 650 774 645 773 645 773 645 772 645 771 652"/></Shape>
	    <String CONTENT="Duo autem ſpectari in iis viduis iubet Paulus"
                    HPOS="409.0"
                    VPOS="645.0"
                    WIDTH="543.0"
                    HEIGHT="43.0"
                    WC="0.98790875143475"></String>
          </TextLine>
          <TextLine ID="line_19"
                    TAGREFS="LT275"
                    BASELINE="378 707 958 705" 
                    HPOS="378.0"
                    VPOS="679.0"
                    WIDTH="580.0"
                    HEIGHT="39.0">
            <Shape><Polygon POINTS="378 718 957 715 958 705 956 684 891 679 890 679 866 683 852 686 839 683 818 679 817 679 800 683 792 685 785 683 773 679 772 679 771 679 770 679 769 679 765 683 760 687 715 687 710 682 708 682 708 681 707 681 707 681 683 680 683 680 682 680 676 682 669 686 664 682 662 680 661 680 660 680 641 680 641 680 640 680 634 682 626 686 621 682 618 680 617 680 617 680 598 680 597 680 596 680 592 682 583 687 524 687 506 682 505 682 504 682 503 682 502 682 502 682 491 688 456 688 438 682 436 681 435 681 434 681 433 681 432 681 432 682 432 682 425 688 399 688 378 682 378 707 378 718"/></Shape>
	    <String CONTENT="è quibus alterum Abeſſe debet, alterum Adeſſe."
                    HPOS="378.0"
                    VPOS="679.0"
                    WIDTH="580.0"
                    HEIGHT="39.0"
                    WC="0.9996455235684172"></String>
          </TextLine>
          <TextLine ID="line_20"
                    TAGREFS="LT275"
                    BASELINE="378 741 954 738" 
                    HPOS="378.0"
                    VPOS="712.0"
                    WIDTH="576.0"
                    HEIGHT="41.0">
            <Shape><Polygon POINTS="378 741 378 750 610 748 617 751 621 752 622 752 623 753 666 753 666 752 701 751 781 747 801 751 805 752 806 752 806 752 807 752 808 751 813 748 846 751 847 751 847 751 848 751 849 751 856 747 952 751 954 738 952 712 932 712 931 712 930 712 930 712 930 713 923 719 909 712 908 712 907 712 906 712 901 712 859 719 843 713 839 712 839 712 838 712 837 712 836 712 835 714 827 719 798 714 789 713 788 713 787 713 785 715 774 720 709 720 687 715 670 713 670 713 669 713 661 716 650 721 613 721 609 717 605 715 605 714 604 714 604 714 603 714 602 714 594 717 588 719 585 717 581 714 580 714 580 714 579 714 578 714 567 717 561 719 551 718 529 714 528 714 527 714 526 714 526 715 522 718 518 722 492 722 485 719 477 715 476 715 440 715 439 715 438 715 429 719 426 721 417 719 390 715 389 715 388 715 378 719 378 741"/></Shape>
	    <String CONTENT="Abeſſe hæc duo iubet, vt ſit minor ſexagenaria &amp;"
                    HPOS="378.0"
                    VPOS="712.0"
                    WIDTH="576.0"
                    HEIGHT="41.0"
                    WC="0.9997660703957081"></String>
          </TextLine>
          <TextLine ID="line_21"
                    TAGREFS="LT275"
                    BASELINE="379 773 954 769" 
                    HPOS="378.0"
                    VPOS="745.0"
                    WIDTH="576.0"
                    HEIGHT="40.0">
            <Shape><Polygon POINTS="379 773 379 781 493 785 493 785 494 785 502 781 504 781 509 781 522 784 522 784 571 781 609 780 637 781 666 784 666 784 712 782 777 779 802 782 810 783 810 783 835 782 925 778 953 782 954 769 952 747 922 752 916 747 914 745 913 745 913 745 898 745 897 745 897 745 896 745 896 746 894 747 888 752 781 752 773 747 773 746 772 746 771 746 703 746 702 746 701 746 698 748 687 753 614 753 601 748 599 747 598 747 597 747 596 747 592 748 584 751 572 748 567 747 566 747 565 747 555 748 518 754 445 750 444 750 415 754 408 748 407 748 407 748 406 748 405 748 378 748 379 773"/></Shape>
	    <String CONTENT="Duos maritos habuerit. Adeſſe autem vult vt"
                    HPOS="378.0"
                    VPOS="745.0"
                    WIDTH="576.0"
                    HEIGHT="40.0"
                    WC="0.986012127510337"></String>
          </TextLine>
          <TextLine ID="line_22"
                    TAGREFS="LT275"
                    BASELINE="379 806 956 802" 
                    HPOS="378.0"
                    VPOS="775.0"
                    WIDTH="578.0"
                    HEIGHT="45.0">
            <Shape><Polygon POINTS="379 806 379 814 415 814 430 820 431 820 432 820 555 819 555 819 556 819 561 815 566 819 567 819 567 819 568 820 618 820 618 819 619 819 632 814 691 818 692 818 693 818 694 818 702 813 726 818 727 818 728 818 728 818 736 814 810 818 810 818 811 818 833 812 880 812 885 816 886 816 887 816 888 816 956 810 956 802 955 781 940 775 939 775 913 775 912 775 911 775 910 775 905 780 889 776 888 776 888 776 887 776 876 781 873 782 868 781 848 775 847 775 847 775 846 775 829 781 821 776 820 776 819 776 764 776 763 776 762 776 746 781 735 784 704 784 695 780 684 776 683 776 683 776 682 776 673 780 665 785 607 785 600 780 596 777 596 777 595 777 594 777 593 777 586 780 576 785 544 785 530 779 524 777 523 777 510 777 510 777 509 777 508 777 506 779 498 785 456 785 445 779 444 777 443 777 442 777 441 777 378 778 379 806"/></Shape>
	    <String CONTENT="I Liberos ſuos educauerit. 2 Hoſpitalis fuerit"
                    HPOS="378.0"
                    VPOS="775.0"
                    WIDTH="578.0"
                    HEIGHT="45.0"
                    WC="0.9862781581671342"></String>
          </TextLine>
          <TextLine ID="line_23"
                    TAGREFS="LT275"
                    BASELINE="379 838 954 834" 
                    HPOS="378.0"
                    VPOS="810.0"
                    WIDTH="576.0"
                    HEIGHT="44.0">
            <Shape><Polygon POINTS="379 838 379 854 419 854 419 853 419 853 420 853 433 847 461 847 476 851 480 853 481 853 481 853 520 852 521 852 522 852 523 851 530 846 551 851 559 851 559 851 567 850 586 846 595 850 601 852 602 852 603 852 604 852 604 852 609 849 614 845 625 849 632 851 633 851 633 852 698 852 698 851 699 851 699 851 704 847 706 847 711 847 732 851 733 851 734 851 744 847 752 844 774 847 819 851 820 851 821 851 822 851 830 845 831 844 856 843 874 844 927 848 928 848 954 843 954 834 953 818 928 818 913 810 912 810 856 810 855 810 855 810 836 818 826 814 825 814 824 814 794 818 787 813 786 813 786 813 785 813 784 813 770 818 728 818 696 818 679 812 678 812 630 812 629 812 629 812 607 819 605 819 601 819 547 814 547 814 519 819 501 814 500 814 499 814 498 814 497 814 492 818 488 814 487 814 486 814 485 814 485 814 473 818 452 815 451 815 450 815 440 820 428 816 427 816 427 816 378 820 379 838"/></Shape>
	    <String CONTENT="erga extraneos. 3 Miſericors erga afflictos."
                    HPOS="378.0"
                    VPOS="810.0"
                    WIDTH="576.0"
                    HEIGHT="44.0"
                    WC="0.9802240580320358"></String>
          </TextLine>
          <TextLine ID="line_24"
                    TAGREFS="LT275"
                    BASELINE="381 870 954 867" 
                    HPOS="380.0"
                    VPOS="843.0"
                    WIDTH="574.0"
                    HEIGHT="41.0">
            <Shape><Polygon POINTS="381 870 381 879 398 884 399 884 399 884 400 884 401 884 407 879 409 879 470 879 471 879 479 883 480 883 481 883 481 883 493 879 494 879 496 879 523 884 524 884 577 883 578 883 586 879 588 878 590 879 607 883 608 883 609 884 666 884 666 883 667 883 676 878 679 877 683 878 697 882 698 882 699 883 775 883 775 882 776 882 787 878 790 877 794 878 809 881 810 881 810 881 820 878 826 876 953 877 954 867 953 849 871 849 864 843 863 843 862 843 839 843 838 843 811 849 810 849 807 849 785 843 784 843 783 843 782 843 773 849 773 850 753 850 749 849 701 843 700 843 662 849 656 850 649 849 621 845 621 845 566 849 555 850 553 849 546 844 545 844 544 844 543 844 510 849 499 851 453 851 452 849 447 845 446 845 445 845 422 845 421 845 420 845 419 845 415 849 412 851 380 850 381 870"/></Shape>
	    <String CONTENT="4 De omni bono opere teſtimonium idoneum"
                    HPOS="380.0"
                    VPOS="843.0"
                    WIDTH="574.0"
                    HEIGHT="41.0"
                    WC="0.9992094352841377"></String>
          </TextLine>
          <TextLine ID="line_25"
                    TAGREFS="LT275"
                    BASELINE="379 903 955 899" 
                    HPOS="378.0"
                    VPOS="873.0"
                    WIDTH="577.0"
                    HEIGHT="44.0">
            <Shape><Polygon POINTS="379 903 379 912 600 917 600 917 601 917 602 917 610 910 612 910 629 910 629 910 636 916 637 916 637 916 638 917 724 917 724 916 759 915 760 915 761 915 769 909 784 915 785 915 786 916 839 916 839 915 840 915 841 915 849 909 850 909 852 909 872 913 873 913 954 908 955 899 953 874 929 878 923 874 922 873 921 873 921 873 880 873 879 873 878 873 877 873 876 874 869 880 836 881 799 881 781 875 779 874 778 874 777 874 777 874 776 874 775 875 769 880 725 880 709 875 708 875 707 875 707 875 706 875 705 875 698 881 685 875 684 875 683 875 683 875 682 875 681 875 670 882 655 882 633 876 629 875 629 875 628 875 627 875 625 876 605 882 590 877 589 877 588 877 588 877 577 883 502 883 482 876 481 876 481 876 479 876 441 883 429 876 428 876 427 876 427 876 378 876 379 903"/></Shape>
	    <String CONTENT="habeat. Itaque ait Chryſoſto. eadem penè hîc à"
                    HPOS="378.0"
                    VPOS="873.0"
                    WIDTH="577.0"
                    HEIGHT="44.0"
                    WC="0.9810569614780192"></String>
          </TextLine>
          <TextLine ID="line_26"
                    TAGREFS="LT275"
                    BASELINE="380 934 952 930" 
                    HPOS="379.0"
                    VPOS="906.0"
                    WIDTH="573.0"
                    HEIGHT="44.0">
            <Shape><Polygon POINTS="380 934 380 946 453 946 465 950 465 950 466 950 467 950 475 946 482 950 483 950 484 950 485 950 500 945 502 945 503 945 517 950 518 950 518 950 541 945 542 945 551 950 552 950 553 950 609 950 609 950 609 950 628 944 630 944 638 944 722 949 723 949 779 948 780 948 794 943 795 943 823 948 824 948 847 942 849 942 857 942 930 947 930 947 931 947 952 942 952 930 950 909 888 906 887 906 876 909 861 912 852 909 846 906 845 906 844 906 843 906 843 906 840 909 835 913 821 913 785 909 768 907 767 907 756 909 733 913 714 909 707 908 707 908 706 908 705 908 703 909 696 914 651 914 637 909 635 909 634 909 633 909 633 909 632 909 631 909 624 913 595 909 594 909 593 909 592 909 581 915 532 915 520 909 518 909 517 909 516 909 510 909 485 916 451 916 444 909 443 909 442 909 441 909 440 909 439 909 422 915 379 910 380 934"/></Shape>
	    <String CONTENT="Paulo in vidua requiri, quæ ſupra in epiſcopis ip¬"
                    HPOS="379.0"
                    VPOS="906.0"
                    WIDTH="573.0"
                    HEIGHT="44.0"
                    WC="0.9831768703460694"></String>
          </TextLine>
          <TextLine ID="line_27"
                    TAGREFS="LT275"
                    BASELINE="378 967 958 964" 
                    HPOS="378.0"
                    VPOS="938.0"
                    WIDTH="580.0"
                    HEIGHT="43.0">
            <Shape><Polygon POINTS="378 967 378 975 390 981 390 981 391 981 392 981 393 981 400 976 464 980 465 980 489 976 522 981 522 981 579 980 580 980 580 980 588 975 653 980 654 980 654 980 663 976 720 979 720 979 748 974 756 979 757 979 757 979 758 980 806 980 806 979 850 974 853 974 855 974 896 979 897 979 897 979 898 979 905 974 905 974 958 974 958 964 956 944 906 944 905 943 897 938 897 938 896 938 895 938 866 943 860 944 843 943 786 939 785 939 784 939 783 939 777 943 773 945 728 942 687 941 686 941 675 942 661 945 650 942 638 940 637 940 626 942 610 946 593 942 583 940 582 940 581 940 573 942 560 946 546 942 539 940 538 940 537 940 536 940 531 942 523 945 509 942 502 941 502 941 501 941 500 941 499 942 493 947 455 947 443 942 441 941 440 941 440 941 434 942 414 945 409 942 409 941 408 941 407 941 407 941 378 941 378 967"/></Shape>
	    <String CONTENT="ſis. Et certè cùm hæ viduæ munus laliquod in ec¬"
                    HPOS="378.0"
                    VPOS="938.0"
                    WIDTH="580.0"
                    HEIGHT="43.0"
                    WC="0.9710683894157409"></String>
          </TextLine>
          <TextLine ID="line_28"
                    TAGREFS="LT275"
                    BASELINE="380 999 954 995" 
                    HPOS="379.0"
                    VPOS="970.0"
                    WIDTH="575.0"
                    HEIGHT="41.0">
            <Shape><Polygon POINTS="380 999 380 1011 801 1011 802 1011 863 1007 872 1007 877 1007 915 1011 916 1011 954 1006 954 995 953 978 930 978 917 970 917 970 916 970 915 970 868 974 856 970 855 970 855 970 854 970 837 978 836 978 835 978 810 972 810 972 809 972 792 978 790 979 724 979 724 978 711 971 710 971 687 971 687 971 686 971 685 971 675 978 674 979 613 979 613 978 601 972 600 972 600 972 564 978 559 979 557 978 543 973 542 973 541 973 509 978 484 973 483 973 482 973 473 979 472 979 471 979 457 973 456 973 456 973 455 973 442 979 441 979 435 973 434 973 433 973 396 973 395 973 395 973 379 978 380 999"/></Shape>
	    <String CONTENT="cleſia habuerint, ídque publicum, tales deligi o¬"
                    HPOS="379.0"
                    VPOS="970.0"
                    WIDTH="575.0"
                    HEIGHT="41.0"
                    WC="0.991036925315857"></String>
          </TextLine>
          <TextLine ID="line_29"
                    TAGREFS="LT275"
                    BASELINE="381 1032 959 1028" 
                    HPOS="380.0"
                    VPOS="1003.0"
                    WIDTH="579.0"
                    HEIGHT="43.0">
            <Shape><Polygon POINTS="381 1032 381 1045 405 1041 481 1044 523 1046 524 1046 525 1046 529 1044 536 1040 588 1044 613 1044 613 1044 624 1043 639 1040 652 1043 666 1045 667 1045 689 1042 703 1040 706 1042 711 1044 712 1044 713 1044 732 1042 742 1040 761 1041 811 1044 812 1044 830 1040 839 1039 843 1040 850 1044 851 1044 851 1044 959 1039 959 1028 958 1010 944 1003 943 1003 942 1003 897 1009 888 1003 888 1003 887 1003 862 1003 861 1003 860 1003 850 1009 821 1003 820 1003 819 1003 806 1010 805 1010 798 1010 670 1004 669 1004 630 1010 624 1011 617 1010 576 1005 576 1005 552 1010 548 1011 539 1010 508 1007 507 1007 469 1010 449 1011 444 1010 434 1007 433 1007 432 1007 380 1010 381 1032"/></Shape>
	    <String CONTENT="portuit, quæ eſſent ædificationi omnibus ſiue fi¬"
                    HPOS="380.0"
                    VPOS="1003.0"
                    WIDTH="579.0"
                    HEIGHT="43.0"
                    WC="0.9994673242374342"></String>
          </TextLine>
          <TextLine ID="line_30"
                    TAGREFS="LT275"
                    BASELINE="382 1064 956 1061" 
                    HPOS="381.0"
                    VPOS="1036.0"
                    WIDTH="575.0"
                    HEIGHT="43.0">
            <Shape><Polygon POINTS="382 1064 382 1075 457 1073 460 1074 464 1078 465 1078 465 1078 466 1079 504 1079 504 1078 538 1073 548 1073 556 1073 582 1077 583 1077 584 1077 596 1073 599 1073 609 1073 667 1077 668 1077 702 1073 714 1077 715 1077 716 1077 788 1072 809 1076 810 1076 810 1076 811 1076 819 1071 820 1071 840 1071 845 1071 870 1076 871 1077 945 1077 945 1076 946 1076 956 1069 956 1061 954 1040 913 1041 909 1040 895 1036 894 1036 893 1036 869 1040 866 1041 862 1041 836 1036 835 1036 835 1036 834 1036 827 1041 827 1042 716 1042 715 1042 687 1036 686 1036 657 1042 647 1037 646 1037 553 1037 552 1037 523 1044 522 1044 506 1044 480 1044 395 1038 395 1038 394 1038 381 1044 382 1064"/></Shape>
	    <String CONTENT="delibus, ſiue inſidelibus &amp; extraneis futurę: ne"
                    HPOS="381.0"
                    VPOS="1036.0"
                    WIDTH="575.0"
                    HEIGHT="43.0"
                    WC="0.9841315442202042"></String>
          </TextLine>
          <TextLine ID="line_31"
                    TAGREFS="LT275"
                    BASELINE="383 1096 941 1093" 
                    HPOS="382.0"
                    VPOS="1068.0"
                    WIDTH="559.0"
                    HEIGHT="44.0">
            <Shape><Polygon POINTS="383 1096 385 1110 390 1106 436 1106 442 1110 444 1111 445 1111 446 1111 447 1112 474 1112 474 1111 475 1111 476 1111 479 1109 483 1106 502 1109 521 1111 522 1111 535 1108 548 1106 563 1108 580 1110 580 1110 581 1110 582 1110 585 1108 588 1106 597 1108 620 1110 621 1110 621 1110 622 1110 626 1107 629 1106 637 1107 652 1110 653 1110 781 1106 788 1110 789 1110 790 1110 790 1110 799 1106 802 1104 804 1105 813 1109 814 1109 814 1109 836 1105 842 1104 853 1105 906 1109 907 1109 940 1103 941 1093 939 1074 876 1073 869 1068 868 1068 868 1068 867 1068 803 1073 791 1074 784 1073 753 1069 753 1069 726 1073 724 1073 720 1073 696 1069 695 1069 671 1073 659 1075 633 1075 631 1073 627 1069 626 1069 625 1069 567 1069 566 1069 565 1069 558 1073 552 1075 529 1073 512 1071 511 1071 510 1071 507 1073 501 1076 471 1076 467 1073 465 1070 464 1070 463 1070 462 1070 450 1073 434 1076 419 1073 409 1070 408 1070 382 1072 383 1096"/></Shape>
	    <String CONTENT="Dei gloria, &amp; eccleſiæ progreſſio impediretur."
                    HPOS="382.0"
                    VPOS="1068.0"
                    WIDTH="559.0"
                    HEIGHT="44.0"
                    WC="0.9861166710438936"></String>
          </TextLine>
          <TextLine ID="line_32"
                    TAGREFS="LT275"
                    BASELINE="411 1129 958 1126" 
                    HPOS="410.0"
                    VPOS="1101.0"
                    WIDTH="548.0"
                    HEIGHT="38.0">
            <Shape><Polygon POINTS="411 1129 411 1139 958 1136 958 1126 957 1101 934 1101 934 1101 933 1101 932 1101 925 1106 876 1102 874 1102 873 1102 872 1102 820 1106 778 1102 774 1102 773 1102 773 1102 772 1102 766 1106 731 1103 728 1103 728 1103 725 1103 683 1107 673 1104 671 1103 670 1103 670 1103 669 1103 666 1104 656 1107 643 1104 636 1102 635 1102 634 1102 618 1104 595 1107 559 1105 539 1104 539 1104 529 1106 513 1108 502 1106 490 1103 489 1103 410 1106 411 1129"/></Shape>
	    <String CONTENT="Hoc autem vt intelligatur, totum hoc argumẽ"
                    HPOS="410.0"
                    VPOS="1101.0"
                    WIDTH="548.0"
                    HEIGHT="38.0"
                    WC="0.9876724454489622"></String>
          </TextLine>
          <TextLine ID="line_33"
                    TAGREFS="LT275"
                    BASELINE="381 1161 959 1157" 
                    HPOS="381.0"
                    VPOS="1132.0"
                    WIDTH="578.0"
                    HEIGHT="38.0">
            <Shape><Polygon POINTS="381 1170 958 1167 959 1157 957 1132 915 1139 863 1139 846 1133 845 1133 844 1133 843 1133 821 1139 769 1134 769 1134 768 1134 767 1134 760 1139 725 1139 613 1135 612 1135 611 1135 610 1135 600 1139 584 1135 584 1135 509 1135 497 1135 496 1135 495 1135 402 1141 381 1136 381 1161 381 1170"/></Shape>
	    <String CONTENT="tum altius arceſſendũ eſt, nempe ex eo loco, qui"
                    HPOS="381.0"
                    VPOS="1132.0"
                    WIDTH="578.0"
                    HEIGHT="38.0"
                    WC="0.9954532518678781"></String>
          </TextLine>
          <TextLine ID="line_34"
                    TAGREFS="LT275"
                    BASELINE="382 1195 960 1191" 
                    HPOS="382.0"
                    VPOS="1164.0"
                    WIDTH="578.0"
                    HEIGHT="55.0">
            <Shape><Polygon POINTS="382 1195 382 1209 401 1209 415 1218 416 1218 417 1218 418 1219 497 1219 497 1218 548 1209 562 1215 563 1215 563 1215 604 1211 618 1215 619 1215 620 1215 621 1215 641 1208 658 1215 659 1215 660 1215 709 1214 710 1214 727 1209 761 1214 762 1214 763 1214 784 1207 790 1213 790 1213 791 1213 792 1213 838 1216 839 1216 839 1216 840 1216 840 1215 846 1210 864 1214 864 1214 865 1214 893 1205 960 1205 960 1191 958 1164 934 1164 934 1164 933 1164 932 1164 927 1168 918 1164 917 1164 917 1164 916 1164 901 1168 863 1165 846 1164 845 1164 844 1164 843 1164 843 1164 842 1165 837 1170 728 1170 689 1168 639 1165 638 1165 615 1169 604 1171 584 1170 521 1166 520 1166 519 1166 498 1172 496 1172 487 1172 390 1167 390 1167 389 1167 388 1167 382 1171 382 1195"/></Shape>
	    <String CONTENT="Actor.6.verſr. &amp; 9. verſ.39. Rom.16. verſ.1.2. Nã"
                    HPOS="382.0"
                    VPOS="1164.0"
                    WIDTH="578.0"
                    HEIGHT="55.0"
                    WC="0.9766787362098693"></String>
          </TextLine>
        </TextBlock>
        <TextBlock HPOS="892.63623046875"
                   VPOS="1202.89208984375"
                   WIDTH="66.08172607421875"
                   HEIGHT="33.8546142578125"
                   ID="block_0"
                   TAGREFS="BT17">
          <Shape><Polygon POINTS="892.636 1202.89 958.718 1202.89 958.718 1236.75 892.636 1236.75 892.636 1202.89"/></Shape>
          <TextLine ID="line_35"
                    TAGREFS="LT275"
                    BASELINE="898 1223 955 1221" 
                    HPOS="897.0"
                    VPOS="1199.0"
                    WIDTH="58.0"
                    HEIGHT="52.0">
            <Shape><Polygon POINTS="898 1223 900 1251 913 1246 925 1248 944 1250 945 1250 946 1250 946 1250 955 1244 955 1221 954 1200 897 1199 898 1223"/></Shape>
	    <String CONTENT="legi¬"
                    HPOS="897.0"
                    VPOS="1199.0"
                    WIDTH="58.0"
                    HEIGHT="52.0"
                    WC="0.9962785482406616"></String>
          </TextLine>
        </TextBlock>
      </PrintSpace>
    </Page>
  </Layout>
</alto>
